|0000|LFPD|31122017|31122017|BAHIA TRATORES DE JUAZEIRO LTDA - ME|11053630000140|BA|083818822|2918407||||2000|0|20|Brasil|BAHIA TRATORES||||
|0001|0|
|0005|LUIZ ANTONIO DE BRITO|203|09806946553|56304110|RUA AUGUSTO C BRANDAO AP 402 C|98||56304110|||7488090056||lucaspneus@uol.com.br|
|0030|1|5|9|2|1|1|1|1|1|0|1|1|0|1|1|1|1|
|0100|EDVALDO BUDOIA|900|13937073000156|09615002801|BA015697O6|48904170|RUA VENEZA|424||CENTRO|BA|2918407|||7436149700||budoia@contabilidadepaulista.com.br|
|0150|11053630000140|BAHIA TRATORES DE JUAZEIRO LTDA - ME|01058|11053630000140|||BA|083818822||2918407|||
|0200|5687|ENGRENAGEM 641340|00||
|0200|2459|DISCO|00||
|0200|2222|REPARO DO HIDRAULICO NA RETRO|00||
|0200|43|GRAMPO DE FIXACAO|00||
|0200|4877|TANQUE COMBUSTIVEL|00||
|0200|960|REPARO DE EMBREAGEM|00||
|0200|974|REPARO DE EMBREAGEM MAQ C/PLAINA|00||
|0200|978|MANUTENCAO DE RODA DIANTEIRA|00||
|0200|980|MANUTENCAO DE EIXO DIANTEIRO 4X2|00||
|0200|983|MANUTENCAO DE FREIO 2 LADOS|00||
|0200|6630|GRADE DO RADIADOR|00||
|0200|6631|JG DE DECALQUE|00||
|0200|6632|JG DE DECALQUE|00||
|0200|990|DESLOCAMENTO TÉCNICO|00||
|0200|992|REVISAO DE 1000 HORAS|00||
|0200|2186|BOMBA DAGUA COM POLIA|00||
|0200|2530|BOMBA DAGUA SEM POLIA|00||
|0200|145|MANGA DE EIXO LD MF 275/290|00||
|0200|148|MANGA DE EIXO LE MF 275/290|00||
|0200|3858|EIXO|00||
|0200|3859|PLANETARIO|00||
|0200|3273|CABECOTE BOMBA JP-75|00||
|0200|4596|TAMPA DAS VALVULAS|00||
|0200|4698|DISCO|00||
|0200|1862|MANCAL|00||
|0200|2018|ACABAMENTO SUPERIOR DO CAPO|00||
|0200|2021|ACABAMENTO DO CAPO INFERIOR|00||
|0200|3431|ARRUELA LISA|00||
|0200|6642|TERMINAL DE DIRECAO|00||
|0200|1994|ARTICULACAO DAS BARRAS|00||
|0200|6657|PARAFUSO DO ARO|00||
|0200|1402|FILTRO DO HIDRAULICO|00||
|0200|6050|ROLAMENTO|00||
|0200|3955|ANEL|00||
|0200|5217|RADIADOR COMPLETO|00||
|0200|5288|EIXO PILOTO|00||
|0200|5301|PARAFUSO  MULTIPLICADOR - VALMET|00||
|0200|5303|EIXO PRINCIPAL - VALMET|00||
|0200|5044|VENTILADOR|00||
|0200|4308|MOLDURA DA LATARIA|00||
|0200|2988|ACABAMENTO INFERIOR DO CAPO|00||
|0200|6390|CABO ACELERADOR PÉ|00||
|0200|6654|PORCA|00||
|0200|6655|ARRUELA LISA|00||
|0200|6650|JUNTA VEDACAO|00||
|0200|783|VEDACAO DA FLANGE|00||
|0200|6653|PARAFUSO DE ACO|00||
|0200|4000|MEXEDOR|00||
|0200|270|TERMINAL ENGATE RAPIDO|00||
|0200|6652|ENGATE|00||
|0200|6658|PARAFUSO MANCAL|00||
|0200|4587|MANCAL DE ATRITO|00||
|0200|225|TERMINAL FURO RODONDO|00||
|0200|4739|JOGO JUNTA - VALMET|00||
|0200|4852|BOMBA HIDRAULICA|00||
|0200|6659|TRAVA|00||
|0200|1164|PINO|00||
|0200|6660|JUNTA DE COBRE|00||
|0200|6666|VIRABREQUIM|00||
|0200|6667|JG BRONZ STD MANCAL|00||
|0200|6668|JG BRONZ STD BIELA|00||
|0200|6669|PISTAO E ANEL DO MOTOR|00||
|0200|6674|JG DE DECALQUE|00||
|0200|2810|FILTRO PSL123  - VALMET|00||
|0200|4945|ESTABILIZADOR 3/4|00||
|0200|4946|ESTABILIZADOR 7/8|00||
|0200|471|FILTRO DE AR INTERNO|00||
|0200|623|BUJAO DRENAGEM - 520775|00||
|0200|2867|FILTRO LUBRIFICANTE - PSL338|00||
|0200|3377|PISTAO/ANEL MOTOR 4.248 4CANAIS|00||
|0200|3379|PISTAO/ANEL MOTOR 4.236 5CANAIS|00||
|0200|3380|PISTAO/ANEL MOTOR D-4.203|00||
|0200|3448|CORREIA 13 X 1255 - VALMET|00||
|0200|3500|PISTAO DO CILINDRO - VALMET|00||
|0200|3390|PORCA R. DIANTEIRA ( 586160 ) - VALMET|00||
|0200|6680|EMBOLO LONADO|00||
|0200|4750|JOGO REPARO BOMBA - M227|00||
|0200|5821|MANOMETRO 500L - M614|00||
|0200|6681|BICO MGA GOTAS AT|00||
|0200|2984|FILTRO DE AR SECO|00||
|0200|3018|COROA E PINHAO 13X25 - 60200502038|00||
|0200|1192|PARAFUSO 3/4X3 MANCAL GRADE - 60203102405|00||
|0200|3743|PARAFUSO 82128300 - VALMET|00||
|0200|1438|SILENCIOSO MF 275|00||
|0200|3108|SEMI EIXO TRASEIRO|00||
|0200|3165|ARO DA GRADE|00||
|0200|3318|KIT DE FILTROS|00||
|0200|553|FILTRO EXT - ARS8842 -82642100|00||
|0200|4078|TUBO|00||
|0200|1542|CHAPA DA UNIAO DO SUPORTE|00||
|0200|6694|PINO LISO|00||
|0200|2112|ROLAMENTO|00||
|0200|3973|FAROL MANEJO - VALMET|00||
|0200|3978|DISCO INTERNO - VALMET|00||
|0200|3979|KIT REPARO|00||
|0200|4190|ROLETE|00||
|0200|5158|ROLAMENTO DA RODA|00||
|0200|5352|CILINDRO FREIO|00||
|0200|320|FILTRO HIDRAULICO|00||
|0200|1780|BUCHA DO EIXO DA BOMBA|00||
|0200|6705|CHICOTE FEMEA 2 VIAS|00||
|0200|6706|ESPAGETE CORRUGADO|00||
|0200|6707|LUVA TERMINAL FEMEA|00||
|0200|340|VALVULA COM INSERTO|00||
|0200|3802|BOMBA 9510080648 - VALMET|00||
|0200|3624|RADIADOR|00||
|0200|3625|PLACA|00||
|0200|462|FAROL DIANTEIRO|00||
|0200|468|FILTRO DE AR EXTERNO 235/265|00||
|0200|472|CUPILHA 5 / 32 X 2.1 / 2|00||
|0200|474|CUPILHA 3/16 X 3.1/2|00||
|0200|475|CUPILHA 5/32 - JE3108|00||
|0200|479|CUPILHA DE BRACO|00||
|0200|487|CORREIA 13X1345|00||
|0200|491|CORREIA 13X1425|00||
|0200|494|CORREIA 13X1595|00||
|0200|497|CORREIA|00||
|0200|503|FILTRO AR EXT - 80061800|00||
|0200|4612|CORREIA ALTERNADOR|00||
|0200|256|BARRA QUADRADA|00||
|0200|480|GRAXEIRA 1/4 RETA|00||
|0200|514|EIXO ACIONADOR|00||
|0200|522|FILTRO  AR EXTERNO - 80061900|00||
|0200|526|RESPIRO DA CARCACA|00||
|0200|529|LANTERNA TRASEIRA LE|00||
|0200|547|FILTRO INTERNO - AS805|00||
|0200|548|COLAR DE EMBREAGEM|00||
|0200|545|FILTRO DE AR 235/265|00||
|0200|2960|TAMPA|00||
|0200|3551|COLAR|00||
|0200|558|FILTRO INTERNO - 82642000|00||
|0200|559|CUPILHA 1/16|00||
|0200|561|CUPILHA 1/8|00||
|0200|562|FILTRO EXTERNO|00||
|0200|566|FILTRO INTERNO|00||
|0200|592|CHAVE DE PARTIDA|00||
|0200|597|CARCACA DO PRE FILTRO|00||
|0200|598|BOTAO DO ESTRANGULADOR|00||
|0200|184|BICO ESCARIFICADOR|00||
|0200|185|DISCO GRADÃO|00||
|0200|606|BRACO DO LEVANTE|00||
|0200|639|ANEL - KH4005|00||
|0200|651|ARRUELA DO FILTRO COMBUSTIVEL|00||
|0200|177|PAR ROCADOR 1.50M|00||
|0200|178|PAR ROCADOR DM MF880|00||
|0200|1185|DISCO ARADO|00||
|0200|1887|PRENDEDOR|00||
|0200|718|ARRUELA LISA 355617|00||
|0200|176|PAR ROCADOR 1.70M|00||
|0200|3455|BOMBA HIDRAULICA|00||
|0200|664|ARRUELA DE ACO|00||
|0200|667|ANEL DO TUBO HIDRAULICO|00||
|0200|679|ANEL - KH4091|00||
|0200|659|GRADE DIANTEIRA|00||
|0200|660|ARRUELA DE 5X16|00||
|0200|683|ARRUELA DE PRESSAO|00||
|0200|687|ARRUELA ENCOSTO PINHAO|00||
|0200|701|ARRUELA DO SATELITE|00||
|0200|721|ARRUELA DO QUADRANTE|00||
|0200|1271|GRAXEIRA 3/8 RETA|00||
|0200|1273|CARCACA PLASTICA|00||
|0200|1278|CABEÇOTE|00||
|0200|1279|CORREIA 21X1370|00||
|0200|1267|COLETOR DE ESCAPE|00||
|0200|1052|CORREIA DO MOTOR|00||
|0200|6308|LANTERNA TRASEIRA|00||
|0200|6309|ARRUELA LISA|00||
|0200|1038|ANEL DE TEFLON|00||
|0200|1044|CORREIA  13 X 1235|00||
|0200|6310|PROLONG GRAX|00||
|0200|6037|PINO DE PRESSAO|00||
|0200|1065|ESTABILIZADOR 3/4 C/ 01 ELO|00||
|0200|1066|FILTRO DE AR EXTERNO|00||
|0200|775|PRE FILTRO BANHO A OLEO|00||
|0200|791|MOLDURA|00||
|0200|733|EMBREAGEM COMPLETA MF 50X/235|00||
|0200|744|PORCA 1/2|00||
|0200|2963|TUBO INJETOR|00||
|0200|4965|GAXETA|00||
|0200|4974|JUNTA DA TAMPA|00||
|0200|4721|PAINEL|00||
|0200|772|PRE FILTRO|00||
|0200|814|EIXO PRIMARIO|00||
|0200|817|EIXO PRIMARIO|00||
|0200|819|VALVULA DE RETORNO|00||
|0200|812|EIXO DA BB. HIDRAULICA|00||
|0200|832|MOLA DO COLAR DA EMBREAGEM|00||
|0200|837|FILTRO DE AR EXTERNO|00||
|0200|840|FILTRO DE AR INTERNO|00||
|0200|844|TUBO DO CARDAN DIANTEIRO|00||
|0200|847|BRACO DIREITO EIXO DIANTEIRO|00||
|0200|4595|BICO CONEXAO|00||
|0200|856|MOLA DO FAROL|00||
|0200|858|GRADE SUPERIOR|00||
|0200|862|GRADE INTEIRICA DIANTEIRA|00||
|0200|867|GRAXEIRA CURVA 1/4|00||
|0200|868|BUJAO DE DRENAGEM - 113060|00||
|0200|873|EIXO DE ENTRADA 10X24|00||
|0200|874|ROLDANA DA BOMBA HIDRAULICA|00||
|0200|887|PARAFUSO ALAVANCA QUADRANTE|00||
|0200|888|BOMBA DA DIRECAO 3148762M|00||
|0200|895|BOMBA DA DIRECAO 052107M|00||
|0200|5316|CJ SD EIXO ACIONAMENTO|00||
|0200|5317|CJ SD TUBO ACIONAMENTO|00||
|0200|911|TAMPA DO CUBO TRAZEIRO|00||
|0200|925|PORCA DO PLATO|00||
|0200|933|PARAFUSO DO FAROL DIANTEIRO|00||
|0200|938|PINO DA TAMPA|00||
|0200|939|PINO GUIA|00||
|0200|940|PINO ELASTICO|00||
|0200|944|PINO DA TRAVA DE REDUCAO 1864852|00||
|0200|1779|CAPA DO CARDAN DIANTEIRO|00||
|0200|1656|FAROL DIANTEIRO MOD|00||
|0200|5167|BUCHA|00||
|0200|1831|EIXO DA TDP|00||
|0200|5502|TAMPA DO PAINEL|00||
|0200|2525|CORREIA  ALTERNADOR 684121300|00||
|0200|1997|CUBO DE RODA|00||
|0200|2832|JUNTA DA TAMPA DE DISTRIBUICAO|00||
|0200|2696|ELEMENTO - VALMET|00||
|0200|3917|JUNTA DE PAPEL|00||
|0200|3667|FLANGE ENTALHADO|00||
|0200|2617|CORREIA 14 X 1010|00||
|0200|2197|JOGO DE JUNTAS|00||
|0200|2200|COROA Z-68 REDUZIDA|00||
|0200|2201|GARFO DO BRACO NIVELADOR|00||
|0200|2282|BRACO NIVELADOR|00||
|0200|6411|GRADE DIANTEIRA|00||
|0200|6458|GARFO SUPERIOR DO BRACO 642110|00||
|0200|5786|EMBREAGEM - 83063600 - VALMET|00||
|0200|5970|BRACO ESTABILIZADOR|00||
|0200|6045|FAROL DIANTEIRO|00||
|0200|6112|PORTA ENGRENAGEM|00||
|0200|6113|SEMI ARVORE TRASEIRA|00||
|0200|3182|PROTETOR DO VENTILADOR|00||
|0200|4366|DISCO DE EMBREAGEM|00||
|0200|4531|ROLAMENTO BAH 0012|00||
|0200|3299|DISCO DA TDF - VALMET 218080|00||
|0200|3300|DISCO EMBREAGEM - VALMET 218090|00||
|0200|2562|ARRUELA|00||
|0200|2564|EIXO|00||
|0200|2545|CORREIA|00||
|0200|2548|FLANGE|00||
|0200|2757|MANGUEIRA|00||
|0200|2859|JOGO CASQUILHO|00||
|0200|2314|JOGO DA JUNTA 4203|00||
|0200|2567|ELEMENTO|00||
|0200|5673|MOLA TRAVA - VALMET|00||
|0200|1676|PLACA DA EMBREAGEM|00||
|0200|1783|FILTRO DE LINHA|00||
|0200|1971|SUPORTE|00||
|0200|1978|DISCO DA EMBREAGEM ESTRIA FINA|00||
|0200|1365|MANGUEIRA 3/4|00||
|0200|6233|BUCHA|00||
|0200|83|REPARO DO ENGATE RAPIDO|00||
|0200|6359|ROLAMENTO ALTERNADOR|00||
|0200|6360|PONTE RET ALT 265/292|00||
|0200|6183|RETENTOR|00||
|0200|70|REPARO DE EMBREAGEM|00||
|0200|200|ALAVANCA EMBREAGEM DUPLA|00||
|0200|207|FILTRO DE AR EXTERNO|00||
|0200|209|ROLETE|00||
|0200|210|MOLA ALAVANCA|00||
|0200|6168|CORREIA|00||
|0200|222|MOLA DE TORCAO|00||
|0200|377|EIXO SECUNDARIO|00||
|0200|367|FILTRO DO HIDRAULICO|00||
|0200|398|DISCO DE EMBREAGEM|00||
|0200|394|BRACO NIVELADOR ESQ.|00||
|0200|399|FILTRO AR INT - 80062100|00||
|0200|406|BRACO NIVELADOR|00||
|0200|416|PINO ELASTICO|00||
|0200|422|RODA DIANTEIRA MF 275|00||
|0200|428|DISCO DE EMBREAGEM|00||
|0200|429|PLACA PRESSAO LUK|00||
|0200|6610|ANEL DO EMBOLO DA BOMBA|00||
|0200|407|BRACO NIVELADOR|00||
|0200|433|BRACO NIVELADOR ESQ.|00||
|0200|1311|EIXO DA TRANMISSAO|00||
|0200|1317|DEFLETOR DO RADIADOR|00||
|0200|1318|TAMPA HIDRAULICA|00||
|0200|3610|ROCADEIRA 1,70M TRANS. DIREITA|00||
|0200|6502|BUJAO DE FREIO|00||
|0200|1081|BOMBA DE TRANSF. P/TAMBOR|00||
|0200|1082|BOMBA DE TRANSFERENCIA|00||
|0200|1344|DISCO RASPADOR|00||
|0200|2838|EIXO DA RODA GUIA|00||
|0200|3084|FACA ROCADEIRA RDDE 2600|00||
|0200|3286|GRADE ARADORA 16 X 28|00||
|0200|1217|CINTA SUPERIOR|00||
|0200|3293|GRADE HIDRAULICA|00||
|0200|3294|ARADO REVERSIVEL C/ PISTAO 03 X 28|00||
|0200|3950|VARAO ESTABILIZADOR|00||
|0200|3790|FACA|00||
|0200|4846|MOLA PLANA|00||
|0200|1177|MANCAL DE ATRITO|00||
|0200|1356|DISCO RECORTADO DE GRADE 28 X 6|00||
|0200|1190|DISCO PLANO LISO|00||
|0200|1090|HASTE DO SUBSOLADOR|00||
|0200|1091|JUMELO DE ENGATE|00||
|0200|4845|BICO SULCADOR 16 X 5,00 MM|00||
|0200|1176|MANCAL A GRAXA|00||
|0200|3296|ROCADEIRA 1,50M TRANSMISSAO C/ CORREIA|00||
|0200|3628|CABO MONTADO|00||
|0200|6592|ANEL VEDAÇÃO|00||
|0200|1572|CORPO BOMBA|00||
|0200|4044|CORREIA 4/3V-1250|00||
|0200|2889|VOLANTE|00||
|0200|2968|FIXADOR EXTENSAO 3/8|00||
|0200|3327|CILINDRO|00||
|0200|3530|CORPO DA BOMBA|00||
|0200|4278|KIT DA ALAVANCA|00||
|0200|4783|VARAO|00||
|0200|5272|EIXO - VALMET|00||
|0200|4087|TUBO RETORNO ACO|00||
|0200|3408|GARFO  DIREÇÃO - VALMET|00||
|0200|3412|FAROL COMPLETO - VALMET|00||
|0200|4899|EIXO|00||
|0200|4900|JOGO DE ANEIS|00||
|0200|2937|EIXO CX MARCHA|00||
|0200|3854|BOMBA 81852100 - VALMET|00||
|0200|3843|JOGO JUNTA|00||
|0200|3844|ELEMENTO|00||
|0200|1083|DISCO DE EMBREAGEM|00||
|0200|346|HELICE 6 PAS|00||
|0200|542|EMBASAMENTO|00||
|0200|5157|MOLA DO PRATO|00||
|0200|5212|RETENTOR|00||
|0200|5213|JOGO DE DECALQUE 50 X|00||
|0200|106|EIXO CILINDRO PANE|00||
|0200|6523|AMORTECEDOR  CAPUZ - VALMET|00||
|0200|6199|PISTAO CILINDRO HIDRAULICO|00||
|0200|692|CORREIA 3VX-0475|00||
|0200|234|ELEMENTO FILTRANTE - 80270500|00||
|0200|238|ELEMENTO  INTERNO - 80270400|00||
|0200|293|CAIXA DIFERENCIAL|00||
|0200|1495|PARAFUSO 8 X 20|00||
|0200|1981|DISCO + ROL|00||
|0200|1901|CORREIA B42|00||
|0200|1903|CORREIA - A35|00||
|0200|1687|SERRA MANUAL|00||
|0200|1688|SOQUETE ENCAIXE 3/4|00||
|0200|3007|REPARO EMBREAGEM MOLA VERMELHA|00||
|0200|1255|REPARO DE EMBREAGEM|00||
|0200|1256|REPARO DE EMBREAGEM MOLA PRETA|00||
|0200|1257|REPARO DE EMBREAGEM|00||
|0200|5664|BATERIA Z60D HE|00||
|0200|2800|LUBRAX 90 1L|00||
|0200|1639|FILTRO COM VALVULA - M693|00||
|0200|3054|FILTRO DE AR EXTERNO|00||
|0200|2445|BARRA  RETA - 3604908|00||
|0200|5737|KITS DA ALAVANCA - 83064500|00||
|0200|2097|BARRA DE TRACAO|00||
|0200|4368|DENTE CNH|00||
|0200|4369|DENTE CNH|00||
|0200|2378|POLIA|00||
|0200|2099|BICO SUBSOLADOR REFORCADO|00||
|0200|5878|CICLONE LM PURIAR|00||
|0200|5879|EIXO ELEV HIDRAULICO - VALMET|00||
|0200|6255|FAROL TRAZ MANEJO S/LAMPA|00||
|0200|6173|BARRA INTERNA|00||
|0200|6513|KIT DA ALAVANCA|00||
|0200|6426|DISCO CER 275/290 5 PAS|00||
|0200|6543|EIXO DE LIGACAO- VALMET|00||
|0200|5998|FILTRO DE COMBUSTIVEL|00||
|0200|2420|ACABAMENTO DO CAPO SUPERIOR|00||
|0200|2353|KIT EMBREAGEM|00||
|0200|2358|FILTRO DE AR EXTERNO|00||
|0200|2181|DISCO DA TOMADA DE FORÇA|00||
|0200|1593|FILTRO DE AR INTERNO|00||
|0200|1595|FILTRO DE AR EXTERNO|00||
|0200|1596|FILTRO DE AR INTERNO|00||
|0200|1480|CABO NIV DA CACAMBA 910/60241|00||
|0200|1586|FILTRO DE AR EXTERNO|00||
|0200|1745|FILTRO LUBRIFICANTE|00||
|0200|2059|FILTRO DE COMBUSTIVEL 1851890|00||
|0200|1240|FILTRO HIDRAULICO|00||
|0200|4120|ARRUELA|00||
|0200|4021|PROTETOR BORRACHA|00||
|0200|4022|MANGUEIRA|00||
|0200|2905|TOMADA DE AR FILTRO PLASTICO|00||
|0200|2906|CABO DO ACELERADOR|00||
|0200|3091|CABO DO FREIO DE MAO|00||
|0200|2220|FILTRO|00||
|0200|4863|BOMBA DO TORQUE|00||
|0200|3215|PINO ACO 811/80001|00||
|0200|5298|FILTRO|00||
|0200|5688|PARAFUSO LUVA|00||
|0200|4677|FILTRO DE COMBUSTIVEL BLINDADO|00||
|0200|4923|OLEO FREIO|00||
|0200|3196|PROTECAO COMPLETA SIMPLES|00||
|0200|3197|PROTECAO COMPLETA|00||
|0200|277|TUBO QUADRADO FEMIA|00||
|0200|290|TUBO OVAL MACHO|00||
|0200|287|TUBO OVAL FEMEA|00||
|0200|307|TUBO LIMAO FEMEA|00||
|0200|310|TUBO LIMAO MACHO|00||
|0200|253|TUBO QUADRADO FEMIA|00||
|0200|279|BARRA QUADRADA|00||
|0200|231|BARRA QUADRADA|00||
|0200|1930|TUBO TRIANGULAR FEMEA|00||
|0200|1931|TUBO TRIANGULAR MACHO|00||
|0200|2407|ARVORE|00||
|0200|5060|NIPLE|00||
|0200|5061|CONEXAO MACHO|00||
|0200|5062|MANGUEIRA COM CONEXOES|00||
|0200|230|TUBO QUADRADO|00||
|0200|6188|TUBO QUADRADO FEMEA|00||
|0200|2365|COPO|00||
|0200|190|SHELL RIMULA RT4 X 15 W 40 BALDE 20 L|00||
|0200|180|SHELL WBF 100 BALDE 20 L|00||
|0200|183|SHELL WBF 100 GALAO 4 L|00||
|0200|966|SHELL RIMULA RT4 X 15W40 GALAO 4L|00||
|0200|967|SHELL RIMULA RT4 15W40 1L|00||
|0200|2944|FILTRO DE AR INTERNO|00||
|0200|3611|EIXO|00||
|0200|4666|DISCO EMBREAGEM - VALMET|00||
|0200|1174|CARCACA PRE FILTRO|00||
|0200|451|EMBREAGEM COMPLETA LUK|00||
|0200|453|COBERTA DA EMBREAGEM|00||
|0200|456|PLACA DE PRESSAO|00||
|0200|2652|YPF GRAXA ROLAMENTO 62 BD 20 KG|00||
|0200|2348|COTOVELO|00||
|0200|2654|YPF HIDRO 19 20LT|00||
|0200|2510|PORCA 355565|00||
|0200|2267|TERCEIRO PONTO|00||
|0200|5553|FACA DO ROTOR (JOGO)|00||
|0200|2641|BRACO - VALMET|00||
|0200|2610|DISCO EMBREAGEM|00||
|0200|2611|DISCO EMBREAGEM|00||
|0200|5053|PROTETOR INTERNO|00||
|0200|3522|PAR ROCADOR|00||
|0200|5021|PRENDEDOR|00||
|0200|2614|PLACA FRICCA|00||
|0200|1986|CORREIA|00||
|0200|1864|PLATO|00||
|0200|2068|FILTRO DE AR|00||
|0200|6172|BARRA EXTERNA ESTABILIZADOR|00||
|0200|1114|SUPORTE COMPLETO CUBO DOS DISCO|00||
|0200|6404|CONJUNTO CAMISA|00||
|0200|5689|PARAFUSO ALLEN - VALMET|00||
|0200|326|REPARO ENGATE 3772942|00||
|0200|344|FIXADOR COMANDO|00||
|0200|4680|CONJUNTO ACIONADOR|00||
|0200|6457|RAMAL ARBUS 2000 DIREITO|00||
|0200|3517|BUZINA|00||
|0200|5234|LAMPADA|00||
|0200|4221|LAMPADA|00||
|0200|1946|PORCA EIXO GVP 50612AD|00||
|0200|1949|EIXO DISCOS GVP 50611A|00||
|0200|1880|PAR ROCADOR CORTE DUPLO|00||
|0200|4487|TERMINAL|00||
|0200|4490|FITA ISOLANTE|00||
|0200|1568|BICO SULCADOR P/ ROTO DIR.|00||
|0200|1569|BICO SULCADOR P/ROTO ESQ.|00||
|0200|2367|CORRENTE AS A120 (19 ELOS + 1 REDUCAO)P/M-753/M-753A-ATUAL|00||
|0200|4313|CONJUNTO ENGATE RAPIDO CLICK 80|00||
|0200|956|ENXADA P/ ROTOC. LAVRALE|00||
|0200|957|ENXADA P/ROTOC. LAVRALE|00||
|0200|958|ENXADA P/ROTOC. CEMAG/MINAMI/MR|00||
|0200|959|ENXADA P/ROTOC. CEMAG/MINAMI/M|00||
|0200|962|MANGUEIRA 3/8  SANSUY|00||
|0200|963|MANGUEIRA  1/2  SANSUY|00||
|0200|964|DISCO DE EMBREAGEM|00||
|0200|1786|PLACA DE PRESSAO|00||
|0200|4919|DIODO NEGATIVO|00||
|0200|2676|CRUZETA|00||
|0200|4664|CABO - VALMET|00||
|0200|6596|CHICOTE|00||
|0200|6361|PLANETARIA|00||
|0200|4975|FEIXE MOLAS 8 LAMINAS|00||
|0200|5282|RODA COM 5 FUROS ARO 13|00||
|0200|5283|PONTA DE EIXO|00||
|0200|3578|CARRETA DE UVA 2 TON METALICA|00||
|0200|3147|LUBRAX THF11 3L|00||
|0200|3366|LUBRAX ATF TA 1LT|00||
|0200|3146|LUBRAX THF11 20L|00||
|0200|5161|GRAXA CHASSIS AZUL -10KG|00||
|0200|5066|GRAXA CHASSIS AZUL - 20KG|00||
|0200|4842|UNI 68 - 5L|00||
|0200|4814|UNI 68 - 20L|00||
|0200|5849|UNI 90 - 5L|00||
|0200|5875|UNI 90 - 20L|00||
|0200|2771|DESINGRIPANTE 300ML|00||
|0200|6117|TEXACO 40 4L|00||
|0200|6425|TEXACO 40 20L|00||
|0200|6563|ADITIVO RADIEX 1L|00||
|0200|5601|LUBRAX 140 1L|00||
|0200|6159|TEXACO 40 1LT|00||
|0200|3354|JUNTA TAMPA DA CAIXA - 36813137|00||
|0200|6006|POLIA CONDUTORA 6 CANAIS|00||
|0200|6007|PAR FACA 600 X 3.1/2 X 1/2|00||
|0200|6311|ROLAMENTO DE AGULHAS|00||
|0200|6454|REBITE|00||
|0200|1023|LIMPA RADIADOR|00||
|0200|1024|LIMPA CARTER|00||
|0200|1025|ADITIVO PARA TANQUE|00||
|0200|3130|ADITIVO CONCENTRADO RADIADOR|00||
|0200|6220|FILTRO DE CABINE|00||
|0200|4104|BRAO LADO DIREITO|00||
|0200|4871|POLIA|00||
|0200|5449|ANEL BORRACHA 3/8 X 3/32|00||
|0200|5450|ANEL BORRACHA 3/8 X 1/16|00||
|0200|5451|ANEL BORRACHA 5/8 X 3/32|00||
|0200|5452|ANEL BORRACHA 11/16 X 3/32|00||
|0200|5453|ANEL BORRACHA 24,4 X 3,1 MM|00||
|0200|5690|CHAVETA|00||
|0200|3824|FILTRO DE AR|00||
|0200|5454|ANEL BORRACHA 22,0 X 3,0 MM|00||
|0200|5456|ANEL BORRACHA 12,0 X 2,5 MM|00||
|0200|5457|PARAFUSO|00||
|0200|5455|PORCA|00||
|0200|5458|ANEL BORRACHA 10,5 X 2,5 MM|00||
|0200|5459|ANEL BORRACHA 15,0 X 2,5 MM|00||
|0200|5460|ANEL BORRACHA 18,7 X 2,6|00||
|0200|5761|CORREIA|00||
|0200|5354|ANEL|00||
|0200|4536|JUNTA DO CARTER|00||
|0200|4537|JUNTA DO CARTER|00||
|0200|5087|BRACO|00||
|0200|5686|ANEL|00||
|0200|5504|CUBO DA RODA|00||
|0200|4928|RODA COM 8 FUROS|00||
|0200|5273|BOMBA  DIRECAO SIMPLES - F000510500|00||
|0200|5065|CORREIA|00||
|0200|4621|POLIA DIAMETRO|00||
|0200|5353|BOMBA ELETRICA|00||
|0200|5276|ALFAX AUTOMOTIVO|00||
|0200|4100|JUNTA CABECOTE|00||
|0200|6197|MANGUEIRA LARANJA 3/4|00||
|0200|6380|MANCAL|00||
|0200|6432|RETENTOR|00||
|0200|3253|ROLAMENTO|00||
|0200|3269|CORPO DO FILTRO|00||
|0200|3547|PRE FILTRO|00||
|0200|236|GARFO ARTICULADO|00||
|0200|241|GARFO DUPLO|00||
|0200|254|EIXO SOLAR|00||
|0200|257|ANEL ORING|00||
|0200|260|ANEL ORING - 80293800|00||
|0200|262|EIXO ENGRENAGEM SOLAR - 81334200|00||
|0200|265|EIXO SOLAR|00||
|0200|268|BUCHA EIXO DIANTEIRO 4X4|00||
|0200|272|CHAPA DE SEGURANCA|00||
|0200|275|BUCHA EIXO DIANTEIRO - 80560800|00||
|0200|283|ANEL ORING - 80292900|00||
|0200|286|CAPA DE VEDACAO|00||
|0200|288|ENGRENAGEM - 3587932|00||
|0200|295|ANEL DE SEGURANCA - 80298300|00||
|0200|298|ANEL ANGULAR - 80298100|00||
|0200|304|BUCHA EIXO DIANTEIRO 4X4|00||
|0200|306|RETENTOR EIXO DA TRAÇÃO|00||
|0200|122|EIXO CUBO TRAZEIRO|00||
|0200|126|PINO DA RE|00||
|0200|129|EIXO ESTRIADO DA DIRECAO|00||
|0200|133|MANGA DE EIXO LD MF 235/265 E,B|00||
|0200|292|ROLAMENTO DE ROLOS|00||
|0200|136|MANGA DE EIXO LE MF 235/265 E,B|00||
|0200|139|MANGA DE EIXO LD MF 265|00||
|0200|162|ENGRENAGEM - 80623100|00||
|0200|163|COROA RODA - 80608000|00||
|0200|151|PINO CILINDRO DIRECAO|00||
|0200|157|FLANGE DA CAIXA|00||
|0200|158|PORCA CUBO - 80604000|00||
|0200|159|PINO DO CILINDRO|00||
|0200|2732|PINO - 80296100|00||
|0200|2862|EIXO PINHAO DA REDUZIDA|00||
|0200|1867|HASTE|00||
|0200|1450|PINO|00||
|0200|6366|TAMPA DAS VALVULAS 150 SAIDA|00||
|0200|3385|BUCHA|00||
|0200|30|UNIAO FEMEA|00||
|0200|32|UNIAO FIXA|00||
|0200|34|BARRA SIMPLES 1,20|00||
|0200|35|BARRA SIMPLES 0.80|00||
|0200|37|REGISTRO C3|00||
|0200|38|BICO HV -2R|00||
|0200|39|BICO HV -3|00||
|0200|3559|BICO HV-2|00||
|0200|5606|UNIAO MACHO 1/2|00||
|0200|5608|ADAPTADOR JN X 3/8|00||
|0200|5610|DESTORCEDOR P/MANG|00||
|0200|5611|REDUCAO ESP 1/2 X 3/8|00||
|0200|5615|CABO DA PARADA DO FREIO|00||
|0200|5616|PISTAO DO CILINDRO|00||
|0200|5617|PISTAO DO HIDRAULICO|00||
|0200|5671|TAMPA OLEO MOTOR - VALMET|00||
|0200|5672|RETENTOR|00||
|0200|5677|ALAVANCA - VALMET|00||
|0200|5417|PARAFUSO DA FACA ROCADEIRA|00||
|0200|5418|CABO DO CONTROLE TRAS|00||
|0200|5419|BARRA DE DIRECAO ESQUERDA|00||
|0200|5519|PINO DO BRACO HIDRAULICO|00||
|0200|5207|BUCHA EIXO FREIO|00||
|0200|5257|ANEL ORING - TSA09|00||
|0200|5258|RETENTOR - 040936 TSA09|00||
|0200|5259|ANEL TRAVA - TSA09|00||
|0200|5260|ANEL TRAVA|00||
|0200|5261|BUCHA COROA DENTADA - TSA09|00||
|0200|5262|ARRUELA MANCAL - TSA09|00||
|0200|5263|CHAPA PROTECAO - TSA09|00||
|0200|5264|BUCHA  SEMI EIXO - TSA09|00||
|0200|5266|EIXO SOLAR - TSA09|00||
|0200|5268|RETENTOR DO CUBO - TSA09|00||
|0200|5284|ARRUELA DE ENCOSTO|00||
|0200|5289|CALCO|00||
|0200|5041|ROLAMANTO COROA E PINHAO|00||
|0200|5043|ROLAMANTO DO PIVO DIANTEIRO|00||
|0200|5045|JUNTA DA BOMBA HIDR.|00||
|0200|5070|PARAFUSO DE ACO|00||
|0200|5267|ENGRENAGEM PLANETARIA - TSA09|00||
|0200|5072|BATENTE GARFO|00||
|0200|4385|ARRUELA|00||
|0200|4388|CONEXAO|00||
|0200|4444|CHAVE DE LUZ - VALMET|00||
|0200|4540|ARRUELA - 81243000|00||
|0200|4541|ARRUELA ESPACADORA|00||
|0200|4542|ANEL TRAVA|00||
|0200|4547|ANEL O - VALMET|00||
|0200|4548|ANEL RETENTOR - VALMET|00||
|0200|4549|ANEL - VALMET|00||
|0200|4555|RETENTOR - VALMET|00||
|0200|4556|RETENTOR - VALMET|00||
|0200|4557|RETENTOR - VALMET|00||
|0200|4558|RETENTOR - VALMET KH0226|00||
|0200|4559|PARAFUSO ALLEN - VALMET|00||
|0200|4560|PINO TRAVA - VALMET|00||
|0200|4564|ARRUELA LISA - VALMET|00||
|0200|4565|CALCO 0.10 - VALMET|00||
|0200|4699|CABO EMBREAGEM|00||
|0200|4566|CALCO 0,50 - VALMET|00||
|0200|4567|CUPILHA - VALMET|00||
|0200|4568|ANEL DE SEGURANCA - VALMET|00||
|0200|4569|ANEL TRAVA - VALMET|00||
|0200|4570|PINO ELASTICO 321950 - VALMET|00||
|0200|4571|MOLA TDP - VALMET|00||
|0200|4573|ANEL TRAVA - VALMET|00||
|0200|4574|ROLETE - VALMET|00||
|0200|4577|DISCO EXTERNO - VALMET|00||
|0200|4579|ANEL ESPACADOR - VALMET|00||
|0200|4588|PORCA|00||
|0200|4598|EIXO|00||
|0200|4599|JUNTA|00||
|0200|4672|PORCA SEXTAVADA|00||
|0200|4673|ANEL TRAVA REDUCAO - 3587938|00||
|0200|4697|PARAFUSO|00||
|0200|4728|ANEL BORRACHA - VALMET|00||
|0200|4730|RETENTOR DIANTEIRO|00||
|0200|4731|RETENTOR TEFLON - VALMET|00||
|0200|4732|GUIA DE VALVULA - VALMET|00||
|0200|4733|VALVULA  ADMISSAO - VALMET|00||
|0200|4734|VALVULA ADMISSÃO - VALMET|00||
|0200|4738|JOGO BROZINA STD - VALMET|00||
|0200|4762|MOLA DE TORCAO|00||
|0200|4785|RETENTOR|00||
|0200|4851|PINO DA BARRA|00||
|0200|4853|CORPO DA BOMBA|00||
|0200|4879|PINO|00||
|0200|4944|ARRUELA 1/2|00||
|0200|4947|GARFO DE MUDANCA|00||
|0200|3598|ROLAMENTO|00||
|0200|3599|PRISIONEIRO|00||
|0200|3601|CAPA RETENTOR - 81185500|00||
|0200|3603|BUCHA DA ENGRENAGEM|00||
|0200|3608|ROTULA - 81622400|00||
|0200|3535|REPARO|00||
|0200|3536|PINO ( 489492 ) - 5/8X82MM  VALMET|00||
|0200|3537|PINO - 7/8X103MM VALMET|00||
|0200|3541|PINO - 1/2X62MM  VALMET|00||
|0200|3542|PINO - 7/8X161MM  VALMET|00||
|0200|3544|RETENTOR|00||
|0200|3545|RETENTOR|00||
|0200|3546|RETENTOR|00||
|0200|3376|ROLAMENTO EIXO|00||
|0200|3381|JOGO ARRUELAS STD|00||
|0200|3447|RETENTOR - VALMET|00||
|0200|3449|RETENTOR - VALMET|00||
|0200|3450|RETENTOR EMBREAGEM - KH1138|00||
|0200|3539|PINO - 1X110MM  VALMET|00||
|0200|3453|PARAFUSO 5/8 X 6. 1/2|00||
|0200|3454|CILINDRO MESTRE  FREIO - VALMET|00||
|0200|3388|REPARO CILINDRO - VALMET|00||
|0200|3361|MOLA|00||
|0200|3362|CABO ESTRANGULADOR - VALMET|00||
|0200|3276|JUNTA DA CAIXA DE CAMBIO|00||
|0200|3278|PLACA DO GARFO SELETOR|00||
|0200|3280|BUCHA - 81325900 / 80608400|00||
|0200|2981|CHAVE DE CONTATO|00||
|0200|2982|GUARDA PO DIRECAO|00||
|0200|2985|MANCAL INFERIOR|00||
|0200|2986|BUCHA|00||
|0200|3016|JOGO REPARO CILINDRO DIRECAO|00||
|0200|3386|ROLAMENTO - VALMET|00||
|0200|6088|SUPORTE DO ACIONADOR|00||
|0200|3017|CALCO|00||
|0200|3081| REPARO DO COMANDO  85395700|00||
|0200|3095|ROLAMENTO MANGA EIXO - VALMET|00||
|0200|4126|PINO|00||
|0200|3096|RETENTOR CAMBIO - VALMET|00||
|0200|3098|JUNTA|00||
|0200|3107|CALCO|00||
|0200|3127|MOLA DA VALVULA|00||
|0200|3129|CABO CONTROLE REMOTO|00||
|0200|3166|PINO ENGATE GRADE|00||
|0200|3217|RETENTOR DA FLANGE|00||
|0200|3218|RETENTOR CUBO - 00517|00||
|0200|3219|PARAFUSO COBO|00||
|0200|4079|ANEL TRAVA|00||
|0200|4080|ELEMENTO FILTRO 114870 - VALMET|00||
|0200|4082|ALAVANCA DA T.D.P|00||
|0200|4039|VARETA DO CARTER - 31785007|00||
|0200|4122|JUNTA COTOVELO|00||
|0200|4124|LUVA EIXO|00||
|0200|4125|INDICADOR DE COMBUSTIVEL|00||
|0200|3971|ROLAMENTO - VALMET|00||
|0200|3972|PINO LISO - VALMET|00||
|0200|3982|MANCAL  APOIO 061272  - VALMET|00||
|0200|4112|BUJAO PLANETARIO - 80602300|00||
|0200|4114|ALAVANCA DA BOMBA|00||
|0200|4200|ROLAMNETO BOMBA HIDRAULICA|00||
|0200|4202|EMBOLO BOMBA HIDRAULICA|00||
|0200|4159|BOMBA D AGUA COM POLIA|00||
|0200|6449|CRUZETA|00||
|0200|4280|COTOVELO DA BOMBA|00||
|0200|4288|ANEL DE SEGMENTO|00||
|0200|3832|RETENTOR T.D.F 2506 - VALMET|00||
|0200|3834|CALCO DO EIXO  T.D.F - VALMET|00||
|0200|3835|CALCO DO EIXO  T.D.F - VALMET|00||
|0200|3836|CALCO DO EIXO  T.D.F - VALMET|00||
|0200|3787|ENGRENAGEM PLANETARIA|00||
|0200|3788|PINO|00||
|0200|3801|CABO DO ACELERADOR - VALMET|00||
|0200|3622|MOLA DO COMANDO|00||
|0200|3623|CHAVETA PEDAIS|00||
|0200|3904|ARTICULACAO - 81243200|00||
|0200|1080|BOMBA DE GRAXA 7 KG|00||
|0200|3718|CALCO 0.3 MM - 80613900|00||
|0200|3719|CALCO 0.6 MM - 80302800|00||
|0200|3720|CALCO 0.8 MM - 80302900|00||
|0200|3722|CALCO 1.4 MM - 80302600|00||
|0200|507|REPARO PARA BOMBA|00||
|0200|3723|JUNTA DO ALOJAMENTO|00||
|0200|3729|TERMINAL DA DIRECAO|00||
|0200|461|JUNTA DO REDUTOR|00||
|0200|463|JUNTA DO REDUTOR|00||
|0200|465|LANTERNA TRASEIRA|00||
|0200|466|FAROL TRASEIRO|00||
|0200|467|FLEXIVEL DO TANQUE|00||
|0200|464|FAROL DE SERVICO - 81809600|00||
|0200|473|FILTRO DE COMBUSTIVEL|00||
|0200|478|GRAMPO DE PRESSAO - JE9020|00||
|0200|3297|ROCADEIRA 1,70M TRANSMISSAO C/ CORREIA|00||
|0200|486|HASTE DO COMANDO|00||
|0200|458|JUNTA DO ALOJAMENTO|00||
|0200|492|TERMOMETRO ELETRICO|00||
|0200|495|INTERRUPTOR DE PARTIDA|00||
|0200|496|INTERRUPTOR DE LUZ|00||
|0200|498|INTERRUPTOR DE FAROIS|00||
|0200|489|TRATOMETRO|00||
|0200|1098|POLIA 3 CANALETAS|00||
|0200|1100|BARRA PORTA FACAS SUPERIOR|00||
|0200|1101|BARRA PORTA FACAS INFERIOR|00||
|0200|1103|PAR ROCADOR 1,30|00||
|0200|1111|SUPORTE REVERSIVEL|00||
|0200|1113|SUPORTE MENOR DO CUBO|00||
|0200|500|JOGO DE ANEIS|00||
|0200|501|CRUZETA - 81915700 / 81109500|00||
|0200|504|REPARO DE DIRECAO|00||
|0200|506|JOGO DE DECALQUE 275|00||
|0200|510|JOGO  REPARO - 81624100|00||
|0200|1104|BARRA|00||
|0200|1093|CUBO DO RODA GRADÃO|00||
|0200|1099|POLIA 3 CANAIS ( CUBO )|00||
|0200|1123|EIXO DO CUBO|00||
|0200|1125|PAR ROCADOR 1,70MM|00||
|0200|2352|KIT PISTAO|00||
|0200|1535|BARRA PORTA FACAS INFERIOR|00||
|0200|516|REPARO DA TAMPA|00||
|0200|523|INTERRUPTOR DE LUZ DE FREIO|00||
|0200|527|FILTRO SEDIMENTADOR|00||
|0200|533|FILTRO DA BOMBA DIRECAO|00||
|0200|534|FILTRO BB. HIDRAULICA|00||
|0200|535|GARFO DE MUDANCA|00||
|0200|538|FILTRO LUBRIFACANTE - 71028|00||
|0200|2224|DISCO ARADO LISO 30|00||
|0200|2223|DISCO ARADO RECORTADO|00||
|0200|525|FILTRO DO RADIADOR|00||
|0200|540|FILTRO DE OLEO RETRO|00||
|0200|1536|BARRA PORTA FACAS SUPERIOR|00||
|0200|1543|SUPORTE HASTE SUBSOLADOR|00||
|0200|1700|BICO SULCADOR|00||
|0200|2016|RODA GUIA|00||
|0200|2051|LIMPADOR DIANTEIRO|00||
|0200|2053|LIMPADOR TRASEIRO|00||
|0200|2056|FACA CORTE DUPLO|00||
|0200|563|CABO DO TRATOMETRO|00||
|0200|2015|DISCO RECORTADO BALDAN 20 X 4,5|00||
|0200|6144|FACA RDDE 2600|00||
|0200|6424|BARRA|00||
|0200|1143|ESTOPA 010|00||
|0200|1157|FLUSHING WURTH|00||
|0200|569|PISTAO|00||
|0200|571|ENGRENAGEM SATELITE|00||
|0200|573|ENGRENAGEM Z44|00||
|0200|574|CABO DO ACELERADOR DE PE|00||
|0200|575|CABO DE PARADA|00||
|0200|578|PLACA TRASEIRA|00||
|0200|582|GUARDA PO DO FREIO|00||
|0200|583|RETENTOR DIANTEIRO - 80296500|00||
|0200|585|GUARDA PO DA ALAVANCA|00||
|0200|587|CAPA PROTETORA DAS ALAVANCAS|00||
|0200|6321|SUPORTE FLEXIVEL|00||
|0200|589|CAPA PROTETORA DO CAMBIO|00||
|0200|595|CILINDRO AUXILIAR|00||
|0200|600|ABRACADEIRA|00||
|0200|605|BRACO DE DIRECAO|00||
|0200|608|BRACO INFERIOR DIRECAO|00||
|0200|612|BUCHA - 81238700|00||
|0200|613|MANCAL SUPERIOR DO EIXO|00||
|0200|622|BUCHA DO BRACO DE DIRECAO|00||
|0200|637|BUCHA MANGA EIXO|00||
|0200|638|COXIM DO TANQUE|00||
|0200|640|BUCHA EIXO DIRECAO|00||
|0200|641|ANEL DO PISTAO|00||
|0200|643|EMBOLO DA BOMBA HIDRAULICA|00||
|0200|644|ANEL  REDUTOR - 80600600|00||
|0200|645|CABO DO VELOCIMENTRO|00||
|0200|648|ANEL DO EIXO CARRARO|00||
|0200|649|ANEL TRAVA CIL. DIRECAO|00||
|0200|650|ANEL DO CUBO DIANTEIRO|00||
|0200|652|ROLAMENTO AXIAL DO CAMBIO|00||
|0200|654|ANEL DO PISTAO|00||
|0200|655|ANEL DA T. HIDRAULICA|00||
|0200|656|ARRUELA MANGA EIX0|00||
|0200|616|BUCHA PEDAL EMBREAGEM|00||
|0200|634|AMORTECEDOR DE PAINEL|00||
|0200|635|BUCHA EIXO T. HIDRAULICA|00||
|0200|663|ROLAMENTO DE ENCOSTO|00||
|0200|665|ANEL TAMPA CUBO|00||
|0200|668|ARRUELA DE PRESSAO|00||
|0200|669|ROLAMENTO DO SEMI EIXO|00||
|0200|672|ARRUELA DE ACO|00||
|0200|674|ANEL DE VEDACAO|00||
|0200|675|ROLAMENTO DO COLAR|00||
|0200|676|ARRUELA ENCOSTO ACO|00||
|0200|677|ANEL DA TRACAO AS 3035|00||
|0200|678|CHAPA DE APOIO DO PINHAO|00||
|0200|680|ANEL DO PISTAO|00||
|0200|681|ROLAMENTO 2580/2523|00||
|0200|658|ANEL DO QUADRANTE|00||
|0200|661|JOGO DE ANEIS DO CILINDRO|00||
|0200|618|BUCHA DO PEDAL DE FREIO|00||
|0200|684|ROLAMENTO 10228|00||
|0200|686|ANEL DO PISTAO|00||
|0200|688|SENSOR DE TEMPERATURA|00||
|0200|689|ANEL TRACAO ZF|00||
|0200|690|ANEL DE VEDACAO 1004633|00||
|0200|691|PLACA DIANTEIRA|00||
|0200|693|ANEL TRAVA|00||
|0200|694|ARRUELA DO CAMDIO|00||
|0200|696|ANEL DO FLANGE 886089|00||
|0200|703|RETENTOR EIXO DA LUVA|00||
|0200|619|BUCHA DA MANGA DE EIXO|00||
|0200|695|TAMPA  RADIADOR - 589360|00||
|0200|704|TERMINAL ESQ|00||
|0200|698|TERMINAL CURTO GROSSO|00||
|0200|699|TAMPA DO TANQUE - 82012210|00||
|0200|706|ARRUELA DA REDUCAO|00||
|0200|709|ARRUELA DO DIFERENCIAL|00||
|0200|711|RETENTOR DO MANCAL|00||
|0200|714|ABRACADEIRA|00||
|0200|715|TERMINAL LONGO GROSSO|00||
|0200|716|ARRUELA ESPACADORA - 023422|00||
|0200|724|SINALEIRA|00||
|0200|725|TERMINAL 3 ELOS|00||
|0200|726|ARRUELA DA RODA|00||
|0200|1268|PARAFUSO DAS FACAS|00||
|0200|1269|VARETA DA TAMPA DO LEVANTE HIDRAULICO|00||
|0200|1270|SINALEIRA DO PARA LAMA|00||
|0200|1272|PARAFUSO  FACA  - 60203110912|00||
|0200|1274|ALAVANCA DE CONTROLE|00||
|0200|1275|FILTRO DO TANQUE|00||
|0200|1276|MANCAL SUPERIOR - 6290990|00||
|0200|1277|CALCO DO EIXO - 81263500|00||
|0200|1280|CAPA PROTETORA|00||
|0200|1281|PINO DO TIRANTE DE FREIO|00||
|0200|1282|JUNTA TAMPA DE VALVULA 4236/4248|00||
|0200|1283|JUNTA DO CABECOTE D4203|00||
|0200|1284|JUNTA DO CABECOTE 4236/4248|00||
|0200|1286|JUNTA TAMPA DE VALVULA D3152|00||
|0200|1288|REPARO DE DIRECAO C/ RET DUPLO|00||
|0200|1289|MANGUEIRA SUP DO RADIADOR|00||
|0200|1291|FILTRO|00||
|0200|1292|CAPA PROTETORA|00||
|0200|1293|BUCHA DA COLUNA DIRECAO|00||
|0200|1296|ROLAMENTO DA CAIXA|00||
|0200|1404|ANEL DO FELTRO|00||
|0200|1405|MANGUEIRA INFERIOR DO RADIADOR|00||
|0200|1407|CABO DO ACELERADOR PEDAL|00||
|0200|1408|MANGUEIRA DO FILTRO DE AR|00||
|0200|1028|RETENTOR DO CUBO DO ARADO|00||
|0200|1029|RETENTOR DA RODA GUIA|00||
|0200|1031|RETENTOR DO CUBO DAS FACAS|00||
|0200|1032|COPO DE VIDRO - 80535900/2710658|00||
|0200|1033|COPO DE VIDRO|00||
|0200|1035|BUJAO DO BLOCO DO MOTOR 32MM|00||
|0200|1037|BUJAO DO BLOCO DO MOTOR 38.4 MM|00||
|0200|1039|PARAFUSO DO IMPULSOR|00||
|0200|1041|LAMPADA DO PAINEL|00||
|0200|1042|LAMPADA H3  DO FAROL|00||
|0200|1043|LAMPADA DO FAROL|00||
|0200|1046|ENGRENAGEM DO CAMBIO|00||
|0200|1047|ARRUELA DA REDUZIDA|00||
|0200|1030|RETENTOR DO MANCAL A GRAXA|00||
|0200|1049|ROLETE DA ROLDANA|00||
|0200|1050|ARTICULADOR DO HIDRAULICO|00||
|0200|5355|ANEL|00||
|0200|768|AMORTECEDOR DO TANQUE|00||
|0200|1055|CABO DO ACELERADOR MANUAL|00||
|0200|1058|PINO 1``X110MM|00||
|0200|1059|PINO TRAVA ( 7/16X2 )|00||
|0200|1060|PINO TRAVA 5.5MM|00||
|0200|1061|PINO TRAVA  9MM - 587030|00||
|0200|1068|CILINDRO DE DIRECAO|00||
|0200|1071|ROLAMENTO 30207|00||
|0200|1073|ROLAMENTO 32206 - LA5109|00||
|0200|1056|ELEMENTO  DIESEL - 522564|00||
|0200|1062|FILTRO LUBRIFICANTE - 71058|00||
|0200|1051|BUCHA DA SEMI ARVORE|00||
|0200|1075|BUJAO DO BLOCO DO MOTOR 35MM|00||
|0200|782| REPARO CILINDRO CACAMBA MF 96|00||
|0200|795|PARAFUSO LATARIA 5/16 X 5/8|00||
|0200|796|RETENTOR DO CUBO|00||
|0200|798| REPARO DO CILINDRO MF 96|00||
|0200|801|PARAFUSO DE RODA 4.1/2|00||
|0200|774|ROLAMENTO 47905|00||
|0200|776| REPARO CILINDRO MF 96|00||
|0200|777|PRISIONEIRO 5/8|00||
|0200|767|PORCA RODA TRASEIRA|00||
|0200|779|PRISIONEIRO 5/8|00||
|0200|784|LANTERNA DIANTEIRA|00||
|0200|785|RETENTOR|00||
|0200|799|PARAFUSO DO ARO - 828217 / 119050|00||
|0200|786|REPARO CILINDRO CACAMBA MF 96|00||
|0200|787|RETENTOR DO SEMI-EIXO|00||
|0200|793| REPARO CIL. ESTABILIZADOR MF 96|00||
|0200|730|PIVO - 80607500|00||
|0200|734|ARRUELA DE PRESSAO|00||
|0200|738|PORCA DE RETENCAO DA MOLA|00||
|0200|739|ARTICULADOR DO 3º PONTO|00||
|0200|740|VALVULA DE CONTROLE|00||
|0200|742|PORCA 3/4|00||
|0200|743|FELTRO DO EIXO|00||
|0200|749|PORCA CONICA 3/4|00||
|0200|750|PINO DO BRACO DE LEVANTE|00||
|0200|751|EIXO SEGUNDARIO|00||
|0200|752|PORCA DA RODA TRASEIRA|00||
|0200|753|PORCA DE RODA|00||
|0200|755|PINO 3/4X67MM|00||
|0200|746|PORCA CONICA 1/2|00||
|0200|747|ANEL DE FELTRO M. EIXO|00||
|0200|736|TORNEIRA DE ALUMINIO|00||
|0200|4841|FILTRO|00||
|0200|5432|FILTRO|00||
|0200|5433|FILTRO|00||
|0200|757|PORCA DUPLA 5/8|00||
|0200|758|PINO DO TIRANTE DA EMBREAGEM|00||
|0200|760|PORCA 5/8 - JB3716|00||
|0200|762|PORCA 3/4|00||
|0200|764|ALAVANCA DO QUADRANTE|00||
|0200|2419|DISCO INT DA EMBREAGEM|00||
|0200|765|PORCA 5/8|00||
|0200|770|PINO TRAVA|00||
|0200|771|PORCA 3/4 - JB3719|00||
|0200|805|PARAFUSO EIXO DIANTEIRO|00||
|0200|807|MANGEIRA DA DIRACAO|00||
|0200|808|EIXO DA CAIXA - 1868531|00||
|0200|809|RETENTOR SEMI-EIXO - 80568900|00||
|0200|810|PARAFUSO DO CUBO DIANTEIRO|00||
|0200|813|RETENDOR D0 CUBO|00||
|0200|816|RETENDOR TDP 246860|00||
|0200|818|ENGRANAGEM 17X42 DA 3ª|00||
|0200|820|PARAFUSO RODA TRASEIRA|00||
|0200|821|ENGRENAGEM 15X43 DE ENTRADA|00||
|0200|822|PARAFUSO DE FIXACAO|00||
|0200|825|PARAFUSO DE FIXACAO|00||
|0200|826|BARRA DE DIRECAO|00||
|0200|827|PARAFUSO DE FIXACAO|00||
|0200|828|ESTICADOR DO ESTABILIZADOR|00||
|0200|829|MOLA DA ALAVANCA DE CAMBIO|00||
|0200|830|BARRA DE DIRECAO EIXO LATERAL|00||
|0200|831|PARAFUSO SEXTAVADO|00||
|0200|834|FAROL AUXILIAR - 81924500|00||
|0200|835|MOLA DO EIXO DO CAMBIO-EATON|00||
|0200|836|PINO  3/4X87MM|00||
|0200|838|FILTRO DA PLAINA|00||
|0200|839|PINO CENTRAL|00||
|0200|841|MOLA DO ACELERADOR|00||
|0200|843|PINO 3/4X110MM|00||
|0200|845|PINO DA BARRA DE TRACAO|00||
|0200|846|MOLA PEDAL FREIO|00||
|0200|2434|CILINDRO HIDR. 40X450|00||
|0200|2241|CABO FLEXIVEL COMANDO|00||
|0200|2243|CORREIA 3V-0400|00||
|0200|848|TUBO DE OLEO TAMPA HIDRAULICO|00||
|0200|849|PINO  3/4X80MM|00||
|0200|851|VALVULA|00||
|0200|852|PINO DE FIXACAO|00||
|0200|1857|CORREIA - A33|00||
|0200|1924|RAMAL DIREITO DOS BICOS|00||
|0200|1433|SACA FILTRO|00||
|0200|1436|BANCO LINHA X|00||
|0200|1439|BANCO LINHA 200|00||
|0200|1440|BANCO INCLINADO|00||
|0200|853|ANEL VEDADOR|00||
|0200|855|PINO DE FIXACAO|00||
|0200|857|FELTRO|00||
|0200|861|BUCHA DO PINO CENTRAL - 061265|00||
|0200|864|GRAMPO U|00||
|0200|865|CABO DO VELOCIMETRO|00||
|0200|866|VALVULA DE SEGURANCA|00||
|0200|1861|CORREIA|00||
|0200|4869|BANCO TIPO CONCHA VALMET|00||
|0200|1475|CAPA DE PROTECAO 5000X1000|00||
|0200|869|CASTANHA DA RODA|00||
|0200|1441|BANCO RETO - 3149999|00||
|0200|1560|CORREIA INDUSTRIAL|00||
|0200|1706|GRADE DIANTEIRA MF 292 297|00||
|0200|871|GUIA DO BRACO NIVELADOR|00||
|0200|877|INTERRUPTOR DE SEGURANCA|00||
|0200|879|PARAFUSO SEXTAVADO 1/2X1|00||
|0200|880|REPARO DO CILINDRO DO GIRO|00||
|0200|881|TAMPA DA TOMADA DE FORCA|00||
|0200|882|BIELA DO EMBOLO HIDRAULICO|00||
|0200|883|PARAFUSO DO BRACO DE DIRECAO|00||
|0200|884|REPARO DO CILINDRO DA CACAMBA|00||
|0200|1873|ANEL MILIMETRO ( VERMELHA )|00||
|0200|1874|ANEL  POLEGADA 0880035|00||
|0200|1875|OLEO DE FREIO|00||
|0200|1876|CHAVE MEIA LUA|00||
|0200|886|REPARO DO CILINDRO|00||
|0200|889|ANEL TRAVA CARDAN - 3176262|00||
|0200|890|PARAFUSO ARMACAO DIANTEIRA|00||
|0200|891|ANEL - 80560110|00||
|0200|892|REPARO DO CILINDRO DO ESTABILIZADOR|00||
|0200|893|ANEL TRAVA DO SEMI EIXO|00||
|0200|894|ROLAMENTO COLAR EMBREAGEM|00||
|0200|896|ANEL ELASTICO DO CAMBIO|00||
|0200|885|TACOMETRO|00||
|0200|900|RETENTOR - 1442907|00||
|0200|901|ROLAMENTO EIXO 4X4|00||
|0200|902|RETENTOR  DIANTEIRO - 81237000|00||
|0200|903|RETENTOR|00||
|0200|906|ROLAMENTO DO COLAR EMBREAGEM|00||
|0200|907|ROLAMENTO DA CAIXA|00||
|0200|909|RETENTOR|00||
|0200|910|PARAFUSO DA RODA|00||
|0200|912|RETENTOR TDP|00||
|0200|3053|FILTRO DE AR INTERNO|00||
|0200|914|TIRANTE DO FREIO|00||
|0200|915|RETENTOR DUPLO|00||
|0200|918|RETENTOR|00||
|0200|919|RETENTOR DUPLO|00||
|0200|920|RETENTOR DO SEMI EIXO|00||
|0200|921|RETENTOR DA POLIA 4203|00||
|0200|923|RETENTOR DA POLIA 4236|00||
|0200|924|RETENTOR|00||
|0200|926|PRISIONEIRO DE ACO|00||
|0200|927|PRISIONEIRO DE ACO|00||
|0200|929|RETENTOR DA FLANGE|00||
|0200|6160|FILTRO DE AR|00||
|0200|6161|FILTRO DE AR SECUNDARIO|00||
|0200|930|RETENTOR  PINHAO - 81238800|00||
|0200|931|RETENTOR EIXO INTERNO|00||
|0200|934|PINHAO|00||
|0200|935|ENGRENAGEM SATELITE|00||
|0200|936|EIXO PIVO|00||
|0200|943|PINO DA BOMBA|00||
|0200|937|PINO FIXADOR|00||
|0200|945|ARRUELA|00||
|0200|947|PLACA TRAS REDUZIDA|00||
|0200|1774|ROLAMENTO DA T. D. F|00||
|0200|1778|ELO DO COMANDO DE FREIO|00||
|0200|1782|REPARO DA BOMBA HIDRAULICA|00||
|0200|1652|LUVA|00||
|0200|1660|LUVA DE ENGATE T.F|00||
|0200|1662|VARETA DO OLEO|00||
|0200|1664|GARFO ARTICULACAO|00||
|0200|1645|FLEXIVEL DO TANQUE|00||
|0200|1829|FILTRO DIESEL|00||
|0200|1830|CORRENTE DOS BRACOS|00||
|0200|1832|SENSOR DE PRESSAO DE OLEO ( 6283080)|00||
|0200|2039|PARAFUSO SUPERIOR DO SUPORTE|00||
|0200|2040|ARRUELA - 80603100|00||
|0200|2041|GUARDA PO DO TERMINAL|00||
|0200|2042|GUARDA PO DA ARTICULACAO|00||
|0200|2043|EIXO DA CAIXA DE ACIONAMENTO|00||
|0200|2045|ANEL DE SEGMENTO 3.152/4.203|00||
|0200|2046|ANEL DE SEGMENTO 3 CANAIS 4.248|00||
|0200|2047|ANEL DE SEGMENTO 4 CANAIS|00||
|0200|2050|GARFO DUPLO|00||
|0200|1988|MANGUEIRA DA BOMBA DAGUA|00||
|0200|1989|ANEL ESPACADOR|00||
|0200|1990|ARRUELA CONE|00||
|0200|1991|ABRACADEIRA DO SILENCIOSO|00||
|0200|1992|ABRACADEIRA SILENCIOSO - 042778|00||
|0200|1995|BARRA|00||
|0200|1996|BARRA|00||
|0200|1998|TERMINAL DO ESTABILIZADOR|00||
|0200|1999|TERMINAL DO ESTABILIZADOR|00||
|0200|2866|ARRUELA - 116310|00||
|0200|2831|BRONZINA MANCAL 0.50|00||
|0200|2734|PORCA BORBOLETA DO FILTRO|00||
|0200|2737|BARRA  DIRECAO - 80604400|00||
|0200|2693|MANGUEIRA|00||
|0200|2694|ARRUELA - 80603400 / 81325800|00||
|0200|2695|CALCO 3.85MM - 81328600|00||
|0200|2697|BUCHA|00||
|0200|2521|FILTRO|00||
|0200|2524|MANGUEIRA|00||
|0200|2526|ANEL - 80601000|00||
|0200|2529|REPARO DUPLA ACAO 2.1/2|00||
|0200|2531|FILTRO SECUNDARIO|00||
|0200|2536|JUNTA|00||
|0200|2537|TIRANTE|00||
|0200|2538|TERMINAL ROSCA ESQUERDA|00||
|0200|2572|BOMBA 836659580 - VALMET|00||
|0200|2573|BOMBA ALIMENTADORA - VALMET|00||
|0200|2575|JUNTA COLETOR ESCAPE|00||
|0200|2576|CABO FREIO ESTACIONARIO|00||
|0200|2577|CONJUNTO TUBO|00||
|0200|2618|EIXO ACIONADOR Z. 10 X 22|00||
|0200|2662|ADAPTADOR|00||
|0200|2663|ADAPTADOR|00||
|0200|2664|CANO|00||
|0200|2668|VEDADOR|00||
|0200|2670|TUBO|00||
|0200|2673|MANGUEIRA CILINDRO DIRECAO|00||
|0200|2674|MANGUEIRA CILINDRO DIRECAO|00||
|0200|2192|CALCO 020 DO EIXO HIDR|00||
|0200|2194|MOLA ALAVANCA QUADRANTE|00||
|0200|2196|JUNTA DO CABO DIANTEIRO|00||
|0200|2202|PLACA DIANTEIRA DA REDUZIDA|00||
|0200|2272|MANGEIRA SUCCAO|00||
|0200|2275|ROLDANA DO QUADRANTE|00||
|0200|2277|PINO DO FREIO|00||
|0200|2279|FAROL DIANTEIRO|00||
|0200|2280|ARRUELA AXIAL INF.|00||
|0200|2281|ARRUELA AXIAL SUP.|00||
|0200|2284|CANO FILTRO PRIMARIO|00||
|0200|2393|PISTAO LINHA 4200|00||
|0200|2394|ALOJAMENTO|00||
|0200|2396|PARAFUSO DO GARFO|00||
|0200|2453|ANEL TRAVA CONCAVO|00||
|0200|6568|BRACO DO LEVANTE KP|00||
|0200|6455|ANEL RESERVATORIO|00||
|0200|6491|PORCA QUADRADA DO CAMBIO|00||
|0200|6514|MANGUEIRA INFERIOR DO RADIADOR|00||
|0200|6519|BOMBA DAGUA SEM POLIA|00||
|0200|5730|REDUZIDA COMPLETA|00||
|0200|5774|ROLAMENTO CAIXA - VALMET|00||
|0200|5775|ANEL RETENTOR T D F|00||
|0200|5776|ANEL RETENTOR|00||
|0200|2397|GRAMPO 4,5 X 75MM|00||
|0200|2318|ANEL|00||
|0200|6140|CORREIA A-26|00||
|0200|6178|CORREIA|00||
|0200|2558|ROLAMENTO|00||
|0200|4251|ROLAMENTO|00||
|0200|5777|ANEL RETENTOR HIDRAULICO - VALMET|00||
|0200|5778|ARRUELA TRAVA LB5011 - VALMET|00||
|0200|5779|CHAPA DE SEGURANÇA - VALMET|00||
|0200|5780|PINO TRAVA  - VALMET|00||
|0200|5781|MOLA DA EMBREAGEM - VALMET|00||
|0200|5782|MOLA DO COLAR 241320 - VALMET|00||
|0200|2616|BOMBA|00||
|0200|5783|ANEL FIXADOR DO FREIO|00||
|0200|5785|ESFERA CLASSE LB9022|00||
|0200|5787|ANEL DO FREIO DIREITO 81393100|00||
|0200|5788|ANEL DO FREIO ESQUERDO|00||
|0200|5789|TAMPA TACAMETRO C/ PLACA CENTRAL|00||
|0200|5851|JOGO REPARO DA VALVULA - VALMET|00||
|0200|5923|RETENTOR K-SETE CUBO DIANTEIRO|00||
|0200|5987|PINO  ELASTICO|00||
|0200|6018|JOGO DE REPARO DIRECAO|00||
|0200|6021|ENGRENAGEM DO CAMBIO|00||
|0200|6169|VALVULA|00||
|0200|6171|TERMOMETRO PAINEL INTERNO|00||
|0200|6212|ALAVANCA MARCHA 12 VELOC|00||
|0200|6213|FILTRO COMB SEPARADOR|00||
|0200|6214|FILTRO PRIMARIO COMBUSTIVEL|00||
|0200|6281|MOLA CHAP HIDRAULICA|00||
|0200|6282|CABO DO COMANDO|00||
|0200|5943|ENGRAXADEIRA|00||
|0200|5944|SUPORTE CUBO DE RODA|00||
|0200|1768|BUCHA - CAR125495|00||
|0200|1770|BUCHA - 81884400|00||
|0200|1771|BUCHA|00||
|0200|1772|RETENTOR|00||
|0200|1773|VEDADOR|00||
|0200|1262|PINO|00||
|0200|1263|BRACO|00||
|0200|1264|MOLA PRATO|00||
|0200|1265|BUCHA - CAR123641|00||
|0200|1266|RETENTOR|00||
|0200|10|ARRUELA TRAÇÃO - 81263400|00||
|0200|15|CRUZETA|00||
|0200|19|ROLAMENTO 819349/819310 ( 81237100 /80173000|00||
|0200|20|RETENTOR|00||
|0200|22|VEDADOR|00||
|0200|23|COROA|00||
|0200|24|ENGRENAGEM PLANETARIA|00||
|0200|26|ESPACADOR|00||
|0200|29|ARRUELA 3,20|00||
|0200|4028|BUCHA|00||
|0200|3552|ARRUELA|00||
|0200|3553|BUCHA|00||
|0200|4774|MANGA EIXO DIREITA|00||
|0200|4775|MANGA EIXO ESQUERDA|00||
|0200|4788|ESTABILIZADOR HIDRAULICO|00||
|0200|4457|TERCEIRO PONTO - VALMET|00||
|0200|3555|KIT DE RETENTOR|00||
|0200|4776|PARAFUSO|00||
|0200|4608|ROLAMENTO|00||
|0200|4609|ROLAMENTO - VALMET|00||
|0200|4771|ROLAMENTO DE AGULHA|00||
|0200|4723|ROLAMENTO 6002|00||
|0200|4864|ROLAMENTO LA1109|00||
|0200|3444|ROLAMENTO PILOTO - LA1291|00||
|0200|4455|TUBO ESTABILIZADOR|00||
|0200|3443|ROLAMENTO COLAR|00||
|0200|2789|BARRA - 033907|00||
|0200|2790|BARRA - 033906|00||
|0200|2928|TOMADA ETE 7090 - B|00||
|0200|2929|PORTA ESCOVA 201-2|00||
|0200|2873|ROLAMENTO|00||
|0200|2874|ROLAMENTO- 632141|00||
|0200|2792|BRACO TERCEIRO PONTO|00||
|0200|2875|ROLAMENTO|00||
|0200|2876|ROLAMENTO|00||
|0200|2877|ROLAMENTO|00||
|0200|2879|ROLAMENTO|00||
|0200|4277|ROLAMENTO|00||
|0200|4272|ROLAMENTO|00||
|0200|4173|ROLAMENTO|00||
|0200|4174|ROLAMENTO|00||
|0200|3635|ROLAMENTO|00||
|0200|3636|ROLAMENTO|00||
|0200|3846|ROLAMENTO - LA5116|00||
|0200|75|ROLAMENTO 6011|00||
|0200|76|ROLAMENTO 6210 S/TRAVA|00||
|0200|82|ROLAMENTO 29685/29620|00||
|0200|84|ROLAMENTO 3984/3920|00||
|0200|101|ROLAMENTO 6203|00||
|0200|102|ROLAMENTO 3780/3720|00||
|0200|86|ROLAMENTO 6211|00||
|0200|94|ROLAMENTO 16.21.16|00||
|0200|149|ROLAMENTO 903249/903210|00||
|0200|147|ROLAMENTO 548866|00||
|0200|143|ROLAMENTO 30207A|00||
|0200|140|ROLAMENTO 32212A|00||
|0200|131|ROLAMENTO 32206A|00||
|0200|127|ROLAMENTO 6201A|00||
|0200|134|ROLAMENTO 32208|00||
|0200|91|ROLAMENTO SCE108|00||
|0200|104|ROLAMENTO 48548/10|00||
|0200|4747|CONECTOR|00||
|0200|4691|TERMINAL BATERIA|00||
|0200|137|ROLAMENTO LA5115|00||
|0200|112|ROLAMENTO 84548/510|00||
|0200|118|ROLAMENTO 819349/819310 ( 061249 )|00||
|0200|1871|ROLAMENTO 6207A|00||
|0200|1872|ROLAMENTO 6306 - JUMIL|00||
|0200|1460|ROLAMENTO|00||
|0200|1461|ROLAMENTO - 203737|00||
|0200|1462|ROLAMENTO - 202549|00||
|0200|1463|ROLAMENTO - 728899|00||
|0200|5848|ESPAGUETE|00||
|0200|2250|MOLA|00||
|0200|3189|LUBRAX EXTRA TURBO 15W40 1L|00||
|0200|1464|ROLAMENTO - 80173600/81622400|00||
|0200|2462|ROLAMENTO 6009|00||
|0200|2625|ROLAMENTO - 30208 - VALMET|00||
|0200|5945|ROLAMENTO ALTO COMPENSADOR UC209|00||
|0200|2581|ESPACADOR|00||
|0200|2559|TERMINAL - VALMET|00||
|0200|2560|ARTICULACAO - 80604200|00||
|0200|2677|JOGO BONZE MANCAL 0,25|00||
|0200|2678|JOGO BRONZE BIELA 0,25|00||
|0200|2679|VEDADOR|00||
|0200|2546|GARFO EMBREAGEM|00||
|0200|2549|COTOVELO 3/4 X 1/2|00||
|0200|2550|PARAFUSO ACO|00||
|0200|2551|PARAFUSO|00||
|0200|2557|JUNTA VEDACAO|00||
|0200|2698|ENCOSTO DA MOLA|00||
|0200|2699|ANEL|00||
|0200|2563|ARRUELA|00||
|0200|3145|LUBRAX EXTRA TURBO 15W40 3L|00||
|0200|2701|ESPACADOR 51,4|00||
|0200|2702|EIXO 537,5|00||
|0200|2703|CHAVETA 5/16X50MM|00||
|0200|2704|CORPO VALVULA|00||
|0200|2705|BICO FLANGE COM ROSCA|00||
|0200|2706|SEDE VALVULA|00||
|0200|2707|HELICE|00||
|0200|2711|BICO PARA MANGUEIRA|00||
|0200|2712|BICO J-4|00||
|0200|2714|DISCO J-5|00||
|0200|2715|ARRUELA|00||
|0200|2721|PIVO|00||
|0200|2749|ARRUELA DE ENCOSTO|00||
|0200|2750|REPARO DA VALVULA DE ALIVIO|00||
|0200|2815|ANEL|00||
|0200|2819|BOMBA HIDRAULICA|00||
|0200|2820|PARAFUSO|00||
|0200|2700|ARRUELA LISA - 707570|00||
|0200|2515|CHAVETA|00||
|0200|3497|JUNTA MASTER|00||
|0200|2516|BUCHA|00||
|0200|2517|PORCA|00||
|0200|2518|TAMPA|00||
|0200|2400|PARAFUSO|00||
|0200|2402|ENGRENAGEM Z-30|00||
|0200|2403|PORCA|00||
|0200|2249|GRAMPO|00||
|0200|2252|ARRUELA|00||
|0200|3462|ROLAMENTO|00||
|0200|2259|CILINDRO|00||
|0200|2260|BOIA|00||
|0200|2262|SUPORTE|00||
|0200|2264|BICO CONEXAO CURVO|00||
|0200|2265|CONEXAO|00||
|0200|2266|LIMITADOR DA MOLA|00||
|0200|2310|TUBO DE COMBUSTIVEL|00||
|0200|2263|PARAFUSO COM VOLANTE|00||
|0200|2312|RETENTOR|00||
|0200|2313|CORPO TRASEIRO|00||
|0200|2228|ARRUELA LISA|00||
|0200|2230|PINO DA BIELA|00||
|0200|2231|PARAFUSO ESTICADOR - 941948|00||
|0200|1665|MANGUEIRA DE SUCCAO|00||
|0200|1666|MANGUEIRA|00||
|0200|1667|BUCHA DO BRACO DE LEVANTE|00||
|0200|1669|ANEL|00||
|0200|1670|PINO DE ENGATE|00||
|0200|1672|PARAFUSO|00||
|0200|1674|ARRUELA|00||
|0200|1675|CAPA P/ TERMINAL|00||
|0200|1677|BRACO ESQUERDO|00||
|0200|2229|VIRABREQUIM|00||
|0200|1678|PARAFUSO DO CUBO|00||
|0200|1679|ARRUELA|00||
|0200|1681|KIT SAPATA DESLIZANTE -|00||
|0200|1784|PINO - VALMET|00||
|0200|1752|NIPLE DUPLO DE REDUCAO|00||
|0200|1753|ANEL|00||
|0200|1754|CILINDRO|00||
|0200|1755|CONE DE APERTO|00||
|0200|1969|SENSOR RE SEG - 6272688|00||
|0200|1975|CHAPA - 81697900 / 81696000|00||
|0200|1977|ANEL APERTO|00||
|0200|95|MOLA|00||
|0200|1837|PARAFUSO|00||
|0200|1844|NIPLE DE REDUCAO|00||
|0200|1846|RETENTOR|00||
|0200|1848|PLACA FREIO - 411040|00||
|0200|1842|FILTRO HIDRAULICO|00||
|0200|3822|FILTRO  AR - 84465008|00||
|0200|3823|FILTRO DE AR - TRABALHA C/ 84465008|00||
|0200|2062|BIELA JP 100|00||
|0200|2063|CORPO DA VALVULA 03 VIAS|00||
|0200|2065|BICO DE 1/2|00||
|0200|2066|ANEL ELASTICO|00||
|0200|117|GRAMPO DA BASE|00||
|0200|125|JUNTA|00||
|0200|128|REGISTRO COMPLETO|00||
|0200|120|GAXETA|00||
|0200|132|ANEL JACTO|00||
|0200|130|CABO|00||
|0200|135|CABECOTE|00||
|0200|3825|FILTRO DE AR|00||
|0200|5445|ANEL BORRACHA 13/16 X 1/8|00||
|0200|5446|ANEL BORRACHA 9/16 X 3/32|00||
|0200|5447|ANEL BORRACHA 1/2 X 3/32|00||
|0200|5448|ANEL BORRACHA 7/16 X 3/32|00||
|0200|144|ANEL ELASTICO|00||
|0200|146|JOGO DE ARRUELAS|00||
|0200|150|REFORCO DA BASE|00||
|0200|92|LANCA|00||
|0200|87|VALVULA JP 75|00||
|0200|89|BICO JD-12|00||
|0200|90|FILTRO DO BICO MALHA 50|00||
|0200|100|ANEL DO MANCAL TRAÇÃO|00||
|0200|85|LUVA FUSIVEL|00||
|0200|81|INTERRUPTOR DE LUZ DE FREIO|00||
|0200|50|CALCO|00||
|0200|52|INDICADOR DA BATERIA|00||
|0200|53|INDICADOR DO FILTRO DE AR|00||
|0200|54|TERMOMETRO|00||
|0200|55|PA DO VENTILADOR|00||
|0200|57|TUBO DE PULVERIZACAO|00||
|0200|58|GATILHO|00||
|0200|59|TAMPA DO DEPOSITO|00||
|0200|61|FILTRO LUBRIFICANTE - 71032|00||
|0200|62|LUVA|00||
|0200|64|JUNTA DA TAMPA|00||
|0200|427|ROLETE|00||
|0200|67|REPARO CILINDRO DE DIRECAO|00||
|0200|68|TUBO RETORNO|00||
|0200|69|TUBO RETORNO|00||
|0200|71|REPARO DE CILINDRO 4X4|00||
|0200|72|REPARO DO COMANDO|00||
|0200|65|FILTRO CURTO - 836015106|00||
|0200|6395|JUNTA COLETOR DE ESCAPE|00||
|0200|198|TAMPA REGISTRO C/ ANEL|00||
|0200|199|PORCA|00||
|0200|205|RETENTOR - 043145|00||
|0200|214|CABECOTE DO FILTRO|00||
|0200|215|FILTRO COMBUSTIVEL - 81248200|00||
|0200|216|REPARO DAS CAMARAS|00||
|0200|218|RETENTOR DO SEMI EIXO|00||
|0200|201|TAMPAO - 85388100|00||
|0200|4720|LAMPADA|00||
|0200|219|VALVULA|00||
|0200|229|LANCA DE PULVERIZACAO|00||
|0200|636|ROLAMENTO 32350|00||
|0200|347|TUBO FLEXIVEL|00||
|0200|361|RETENTOR  CUBO - 81331000|00||
|0200|370|FILTRO DE COMBUSTIVEL - 72040|00||
|0200|382|BARRA  LD - 81330000 / 81336000|00||
|0200|384|BUJAO|00||
|0200|387|REGULADOR DE VOLTAGEM|00||
|0200|388|PORCA DE RODA|00||
|0200|390|ARTICULACAO|00||
|0200|392|MOLA DE ACO|00||
|0200|393|DISCO DE FREIO - 30184800|00||
|0200|389|PINO DA BARRA|00||
|0200|5961|RETENTOR DE OLEO YANMAR|00||
|0200|396|GARFO FORJADO|00||
|0200|400|TUBO DE RETORNO|00||
|0200|401|MANCAL DE EMBREAGEM|00||
|0200|402|MANOMETRO DE OLEO|00||
|0200|5506|POLIA|00||
|0200|423|ARRUELA DE ENCOSTO|00||
|0200|424|ENGRENAGEM|00||
|0200|432|CILINDRO DO LEVANTE HIDRAULICO|00||
|0200|434|ARRUELA DA PLANETARIA|00||
|0200|435|CALCO|00||
|0200|436|CALCO|00||
|0200|1416|BICO DE ENGATE 3/4|00||
|0200|1417|ABRACADEIRA COMPLETA|00||
|0200|1418|GARFO|00||
|0200|1409|PARAFUSO CILINDRO DIRECAO|00||
|0200|1412|ARRUELA LISA|00||
|0200|5899|CORREIA 3 VX 0560|00||
|0200|5901|COADOR 190|00||
|0200|1413|PORCA|00||
|0200|1414|ARRUELA LISA|00||
|0200|1307|BICO JA-2 PRETO|00||
|0200|1308|CORPO DO FILTRO (FVS-100)|00||
|0200|6062|CABO COMPLETO|00||
|0200|6005|COADOR III|00||
|0200|6319|GRAXEIRA 1/4|00||
|0200|1314|JUNTA DO ESCAPE|00||
|0200|1315|ANEL O|00||
|0200|1316|EIXO|00||
|0200|1319|FILTRO LUBRIFICANTE|00||
|0200|1320|CAMISA JP-150|00||
|0200|1323|BICO JA-4|00||
|0200|1327|GAXETA DO MEXEDOR|00||
|0200|1328|MANGUEIRA|00||
|0200|1329|BOMBA ALIMENTADORA|00||
|0200|1331|BARRA DIRECAO LE - VALMET|00||
|0200|1332|PROTECAO DO ROLAMENTO|00||
|0200|1334|ANEL GUIA|00||
|0200|1336|BICO JA - 1|00||
|0200|1337|PARAFUSO BANJO|00||
|0200|1339|BICO JA - 3|00||
|0200|1330|BARRA DIRECAO LD - VALMET|00||
|0200|1322|ANEL DE CERAMICA|00||
|0200|4618|EIXO ROTOCANTERADOR|00||
|0200|1341|ANEL ELASTICO|00||
|0200|1202|ENCOSTO DO NUCLEO|00||
|0200|1203|BICO 3/4|00||
|0200|1204|NUCLEO|00||
|0200|1205|CORPO DO SUPORTE|00||
|0200|1206|REGISTRO PARA BICO - M274/4|00||
|0200|1207|MOLA DE COMPRESSAO|00||
|0200|1208|ANEL DE VEDACAO|00||
|0200|4620|EIXO ROTOCANTERADOR|00||
|0200|1210|POLIA ESTICADORA|00||
|0200|1212|PALHETA DO DEFLETOR|00||
|0200|1216|SEDE DE VALVULA|00||
|0200|1218|PALHETA REGULAVEL|00||
|0200|1220|RETENTOR|00||
|0200|1225|CHAVETA|00||
|0200|1226|TAMPAO|00||
|0200|1227|DIAFRAGMA|00||
|0200|1228|ESPACADOR|00||
|0200|1229|MOLA|00||
|0200|1230|POLIA ESTICADORA|00||
|0200|1233|TAMPAO|00||
|0200|1236|ALCA C/PARAFUSO|00||
|0200|1144|RETENTOR  SEMI EIXO - 80172700|00||
|0200|1235|EIXO|00||
|0200|1234|FILTRO - M506/5|00||
|0200|4895|RELOGIO TEMPERATURA|00||
|0200|1146|ANEL DA TRACAO - 6210013|00||
|0200|1147|PARAFUSO - 80296000|00||
|0200|1148|ANEL DE SEGURANCA - 3175396|00||
|0200|1150|PINO ELASTICO|00||
|0200|1151|RASPADOR|00||
|0200|1153|CRUZETA - 81622700 / 81109400|00||
|0200|3847|VEDACAO|00||
|0200|3850|POLIA|00||
|0200|3851|CAMISA JP-150|00||
|0200|3938|POLIA|00||
|0200|3940|RETENTOR - 80607800|00||
|0200|3626|POLIA|00||
|0200|3627|PORCA|00||
|0200|3630|VEDACAO|00||
|0200|3746|PINO ELASTICO|00||
|0200|3631|VALVULA|00||
|0200|5277|CON DE METAIS ALFA X-500ML|00||
|0200|5361|GATILHO 1300 PSI|00||
|0200|3747|POLIA|00||
|0200|3748|ANEL|00||
|0200|3749|VALVULA|00||
|0200|3752|JUNTA CARTER|00||
|0200|3758|BOMBA ALIMENTADORA|00||
|0200|3759|TERMINAL|00||
|0200|3760|BUCHA EIXO|00||
|0200|3761|HASTE|00||
|0200|4187|JOGO CALCO STD 3152/4203|00||
|0200|4228|REPARO CILINDRO|00||
|0200|4002|MOLA DE COMPRESSAO|00||
|0200|4004|RETENTOR|00||
|0200|2883|PARAFUSO|00||
|0200|2884|PARAFUSO|00||
|0200|2886|ARRUELA|00||
|0200|2888|PROTETOR DE BORRACHA|00||
|0200|2892|ARRUELA|00||
|0200|2893|ARRUELA|00||
|0200|2895|ARRUELA|00||
|0200|2896|ROTULA INFERIOR - CAR27692MC|00||
|0200|2998|ANEL|00||
|0200|2999|AGULHA VEDACAO|00||
|0200|3003|TAMPA|00||
|0200|5524|FAROL YANMAR|00||
|0200|5525|FAROL YANMAR|00||
|0200|5527|LANTERNA YANMAR|00||
|0200|5528|LANTERNA YANMAR|00||
|0200|5529|FAROL YANMAR|00||
|0200|6066|FAROL 24D 12V LADO DIREITO|00||
|0200|6068|FAROL 24E 12V LADO ESQUERDO|00||
|0200|3004|CONECTOR MANGUEIRA|00||
|0200|3005|CAMISA CERAMICA|00||
|0200|3006|NIPLE DUPLO|00||
|0200|3274|BICO PARA MANGUEIRA|00||
|0200|3258|REPARO CILINDRO FREIO - VALMET|00||
|0200|3259|REPARO CILINDRO - VALMET|00||
|0200|3244|RETENTOR|00||
|0200|3246|CALCO|00||
|0200|3247|FIXADOR|00||
|0200|3248|ASSENTO|00||
|0200|3250|ENGRENAGEM|00||
|0200|3325|ARRUELA|00||
|0200|3329|VARETA|00||
|0200|3330|DISCO FREIO|00||
|0200|3331|HASTE DE NIVEL - VALMET|00||
|0200|3332|TERMINAL C/ ROSCA - VALMET|00||
|0200|3333|MOLA B. INJETORA- VALMET|00||
|0200|3334|PARAFUSO 3/8 X 1/2|00||
|0200|3336|PARAFUSO|00||
|0200|3338|ALAVANCA DO LAVADOR|00||
|0200|3339|PINO DA ALVANCA|00||
|0200|3340|GUIA|00||
|0200|3503|HASTE|00||
|0200|3526|ELEMENTO FILTRANTE C/ ANEL|00||
|0200|3528|TAMPA P/ ESCOAMENTO|00||
|0200|3529|ANEL ELASTICO|00||
|0200|3337|PARAFUSO|00||
|0200|5750|TAMPA COM ROSCA|00||
|0200|5720|ALTERNADOR ISKRA 12 V|00||
|0200|4859|BRACADEIRA - M620 / 38X38MM|00||
|0200|4861|BICO 3/4|00||
|0200|4862|FILTRO DE AR INTERNO  80062100|00||
|0200|4858|FILTRO DUPLO - M506/8|00||
|0200|6151|CARRETA UVA CEMAG 2 TON|00||
|0200|6531|CARRETA C/S4,0M /4,00 X 1,90 X 0,45M|00||
|0200|6192|MANGUEIRA SUCCAO 1.1/4|00||
|0200|6377|SEPARADOR DISCO|00||
|0200|6379|MANCAL - 225MM / 1.5/8|00||
|0200|4940|FILTRO DE OLEO - 85685600 -  VALMET|00||
|0200|4983|REPARO CILINDRO - VALMET|00||
|0200|4984|FILTRO HIDRAULICO - VALMET|00||
|0200|4985|FILTRO HIDRAULICO - VALMET|00||
|0200|4986|ANEL RETENTOR - VALMET KH0920|00||
|0200|4761|PRISIONEIRO|00||
|0200|4781|RETENTOR|00||
|0200|4784|GARFO|00||
|0200|4850|CAMARA DAS VALVULAS|00||
|0200|5075|SUPLEMENTO|00||
|0200|5332|PLACA|00||
|0200|790|PORCA|00||
|0200|5335|RETENTOR - VALMET KH1057|00||
|0200|5337|ROLAMENTO  AGULHAS - LA9183|00||
|0200|5339|LUVA  ACOPLAMENTO - VALMET|00||
|0200|5341|CAPA PROTETORA - VALMET|00||
|0200|5342|RETENTOR - VALMET|00||
|0200|5346|CAPA - VALMET|00||
|0200|5347|PINO  TRAVA - VALMET|00||
|0200|5381|RETENTOR - VALMET|00||
|0200|5657|ANEL VALMET|00||
|0200|5660|DISCO FREIO L/FRASLE|00||
|0200|5618|SENSOR DE PRESSAO|00||
|0200|5523|ARRUELA|00||
|0200|3499|TUBO|00||
|0200|3400|PONTEIRA DO EIXO|00||
|0200|3401|LUVA|00||
|0200|3402|MOLA - VALMET 642110|00||
|0200|3403|GUIA DA ALAVANCA - VALMET|00||
|0200|3404|ANEL - VALMET|00||
|0200|3405|JUNTA CARTER - VALMET|00||
|0200|3406|RETENTOR DIANTEIRO - VALMET|00||
|0200|3407|BORRACHA FREIO - 83326500|00||
|0200|3409|RETENTOR - VALMET|00||
|0200|3410|RETENTOR - VALMET|00||
|0200|3415|ANEL DE COBRE - KH3621|00||
|0200|3954|MANGUEIRA|00||
|0200|3956|RETENTOR - VALMET|00||
|0200|5656|ANEL VALMET|00||
|0200|3960|FILTRO HIDRAULICO - VALMET|00||
|0200|3962|LOGOTIPO VALTRA - VALMET|00||
|0200|3964|EIXO - VALMET|00||
|0200|4056|ARRUELA ENCOSTO|00||
|0200|4127|PINO|00||
|0200|4076|MANGUEIRA|00||
|0200|4304|TIRANTE DO ACELERADOR|00||
|0200|4305|VEDADOR|00||
|0200|4307|BUCHA BONZE - VALMET|00||
|0200|4293|RETENTOR|00||
|0200|3653|ANEL RETENCAO|00||
|0200|3841|LUVA|00||
|0200|1084|PARAFUSO GARFO DA EMBRE.|00||
|0200|1085|PRISIONEIRO|00||
|0200|1088|CORPO TRAZEIRO - 9511089214M|00||
|0200|1089|CORPO DIANTEIRO - F000513300M|00||
|0200|773|PARAFUSO SEXT. 5/16|00||
|0200|766|PARAFUSO|00||
|0200|763|PORTA GAXETA|00||
|0200|748|CONTA PINO|00||
|0200|741|BICO|00||
|0200|737|ANEL JACTO|00||
|0200|729|COADOR|00||
|0200|789|PARAFUSO SEXT. 3/8|00||
|0200|778|ANEL JACTO|00||
|0200|803|CILINDRO|00||
|0200|797|PINCA|00||
|0200|376|ANEL JACTO|00||
|0200|368|BOMBA ALIMENTADORA|00||
|0200|369|ANEL|00||
|0200|372|ANEL JACTO|00||
|0200|373|ACIONADOR ANGULAR|00||
|0200|365|BOMBA ALIMENTADORA|00||
|0200|362|SOLENOIDE|00||
|0200|379|ANEL DE VEDACAO|00||
|0200|380|SUPLEMENTO P MANOMETRO|00||
|0200|470|JOGO DE REPARO - 117952|00||
|0200|557|ELO FLEXIVEL|00||
|0200|546|VALVULA BV-18|00||
|0200|550|CABECOTE|00||
|0200|544|CAPA DE BICO - 1168546|00||
|0200|537|BICO|00||
|0200|532|JOGO DE REPARO JP-75|00||
|0200|528|BUJAO1/2|00||
|0200|517|ASSENTO E ANEL DE VEDACAO|00||
|0200|519|BICO DE CONEXAO|00||
|0200|513|ANEL DE VEDACAO|00||
|0200|505|PORCA|00||
|0200|502|REPARO DA BOMBA JP.100|00||
|0200|499|ABRACADEIRA|00||
|0200|493|RETENTOR|00||
|0200|490|EXTENSAO BICO|00||
|0200|483|TORNEIRA PLASTICA|00||
|0200|476|JOGO DE REPARO - 117960|00||
|0200|617|FILTRO DE BICO (M.80)|00||
|0200|673|REPARO COMANDO JACTO|00||
|0200|685|ALAVANCA DE ACIONAMENTO|00||
|0200|720|POLIA ESTICADORA|00||
|0200|717|ANEL ESPACADOR|00||
|0200|708|PRESILHA DO ENGATE RAPIDO|00||
|0200|700|JUCAO C/ JUNTA|00||
|0200|625|CORPO DO PORTA BICO SIMPLES|00||
|0200|626|CORPO DO PORTA BICO FINAL|00||
|0200|627|PARAFUSO|00||
|0200|628|PORCA|00||
|0200|629|REGISTRO DE AGULHA|00||
|0200|630|GUARNICAO DA VALVULA|00||
|0200|615|PINO DE ARTICULACAO|00||
|0200|607|JOGO DE REPARO JP-150|00||
|0200|596|ELEMENTO FILTRANTE DUPLO|00||
|0200|593|GAXETA|00||
|0200|591|ABRACADEIRA|00||
|0200|697|MOLA|00||
|0200|588|CAMISA DE CERAMICA|00||
|0200|586|VALVULA|00||
|0200|584|ANEL DE VEDACAO|00||
|0200|581|ABRACADEIRA QUADRADA|00||
|0200|567|ANEL DE VEDACAO|00||
|0200|564|ASSENTO DE BICO|00||
|0200|245|BUCHA DIANTEIRO 4X4 CARRARO|00||
|0200|242|ROLAMENTO 32007|00||
|0200|266|INTERRUPTOR FAROL BAIXO|00||
|0200|263|BUCHA EIXO DIANTEIRO 4X4|00||
|0200|317|ANEL JACTO|00||
|0200|323|CALCO|00||
|0200|324|HASTE DE ACIONAMENTO|00||
|0200|325|CALCO|00||
|0200|332|ALAVANCA|00||
|0200|334|VOLANTE|00||
|0200|336|ENCOSTO|00||
|0200|339|BUJAO DO CARTER|00||
|0200|341|BOMBA DAGUA C/POLIA 235 A 265|00||
|0200|328|ALAVANCA|00||
|0200|349|TUBO|00||
|0200|353|BOMBA DAGUA MF 292|00||
|0200|355|ANEL DE VEDACAO|00||
|0200|360|CABECOTE DO FILTRO|00||
|0200|308|CHAVETA|00||
|0200|305|RETENTOR 3176216|00||
|0200|302|TAMPA DO TANQUE|00||
|0200|285|ANEL TRAVA|00||
|0200|291|EIXO PRIMARIO - 1687642|00||
|0200|281|COMANDO FREIO UMIDO|00||
|0200|1980|FAROL RETANGULAR S/L|00||
|0200|1899|PARAFUSO PRISIONEIRO|00||
|0200|1900|ARRUELA LISA|00||
|0200|1758|ENGRENAGEM|00||
|0200|1759|EIXO TOMADA FORCA|00||
|0200|1761|ANEL ACO|00||
|0200|1763|ELEMENTO DO FILTRO|00||
|0200|1764|PINO DE ACO ACIONAMENTO|00||
|0200|1640|TAMPA DA VALVULA JP-100|00||
|0200|1642|ANEL|00||
|0200|1643|BASE DO EMBOLO|00||
|0200|1644|ARRUELA LISA|00||
|0200|1630|ANEL DE RETENCAO|00||
|0200|1709|VALVULA SOLENOIDE - 716/30255|00||
|0200|1710|MANGUEIRA|00||
|0200|1711|MANGUEIRA|00||
|0200|1712|AMORTECEDOR|00||
|0200|1714|EIXO - 84104300|00||
|0200|1597|SUPLEMENTO|00||
|0200|1598|CONEXAO|00||
|0200|1603|INTERRUPTOR FAROL ALTO|00||
|0200|1605|PISTAO  JP-100|00||
|0200|1606|VALVULA FILTRO AR - 80061100|00||
|0200|1607|PARAFUSO ALLEN|00||
|0200|1608|PORCA 1/4|00||
|0200|1609|BICO DE CONEXAO CURVO|00||
|0200|1612|PARAFUSO DA BARRA TRACAO|00||
|0200|1622|PARAFUSO ALLEN|00||
|0200|1626|BICO CONEXAO CURVO|00||
|0200|2232|NUCLEO|00||
|0200|2233|PORCA|00||
|0200|2174|CJ. EIXO CONTR PROFUND|00||
|0200|2176|RETENTOR - 83281300|00||
|0200|2317|VALVULA RETORNO|00||
|0200|2371|ANEL SILICONE|00||
|0200|2372|ANEL RETENTOR|00||
|0200|2374|PARAFUSO|00||
|0200|2375|PARAFUSO DE ACO|00||
|0200|2369|ANEL DE VEDACAO|00||
|0200|2444|BARRA DIRECAO LE|00||
|0200|2448|BARRA LIGACAO DIRETA|00||
|0200|2449|ANEL|00||
|0200|2451|TUBO|00||
|0200|2452|CALCO|00||
|0200|2870|ARRUELA|00||
|0200|2871|ARRUELA VEDACAO|00||
|0200|2872|TUBO VARETA OLEO|00||
|0200|5732|ANEL DISTANCIADOR TDP 651711|00||
|0200|5735|ROTULA - VALMET|00||
|0200|5736|ROTULA|00||
|0200|5790|KH0206 RETENTOR - VALMET|00||
|0200|5791|KH4150 ANEL RETENTOR - VALMET|00||
|0200|5794|JUNTA ARTICULACAO 061224 - VALMET|00||
|0200|5799|FILTRO DE LUBRIFICACAO 820500|00||
|0200|5800|ELEMENTO DO FILTRO|00||
|0200|5801|ANEL RETENTOR|00||
|0200|5802|ROLAMENTO AGULHAS - VALMET|00||
|0200|5803|CALCO EIXO - VALMET|00||
|0200|5807|ANEL INTERNO - VALMET|00||
|0200|5808|ANEL RETENTOR KH4270|00||
|0200|5809|ANEL RETENTOR - VALMET|00||
|0200|5811|ANEL SINCRONIZADO 641190|00||
|0200|5812|ANEL DE SINCRONIZADOR 641170|00||
|0200|5865|JOGO DE REPARO - VALMET|00||
|0200|6046|ANEL|00||
|0200|6048|INTERRUPTOR DE PRESSAO|00||
|0200|6049|INTERRUPTOR|00||
|0200|6041|ANEL PISTAO|00||
|0200|5999|ANEL TRAVA|00||
|0200|6003|ARR CALCO EIXO DIANTEIRO|00||
|0200|6004|JOGO DE REPARO|00||
|0200|6228|JG ANEL PISTAO HID|00||
|0200|6247|FILTRO BOCAL TANQUE|00||
|0200|6256|RELE AUXILIAR|00||
|0200|6348|INDICADOR TEMPERATURA|00||
|0200|6349|IND PRESSAO OLEO|00||
|0200|6383|ANEL ESCAPADOR|00||
|0200|6384|ANEL ENCOSTO|00||
|0200|6122|PINO PIVO|00||
|0200|6124|BICO 1.4/4|00||
|0200|6133|PARAFUSO TUDO OLEO 14MM|00||
|0200|6134|BARRA DIRECAO|00||
|0200|6135|ROLAMENTO ESFERAS - 6307 / LA1211|00||
|0200|6136|BUCHA|00||
|0200|6071|ANEL ELASTICO|00||
|0200|6072|ANEL RETENTOR|00||
|0200|6508|LANTERNA TRASEIRA|00||
|0200|6510|BUCHA|00||
|0200|6511|TUBO|00||
|0200|6512|ANEL|00||
|0200|6456|JUNTA|00||
|0200|6464|COIFA DAS ALAVANCAS|00||
|0200|6465|PARAFUSO|00||
|0200|6440|CAPA E CUBO|00||
|0200|6441|ANEL L33541|00||
|0200|6427|ROLAMENTO DO CAMBIO|00||
|0200|6428|ARRUELA DE SEGURANCA|00||
|0200|6429|ANEL RETENTOR|00||
|0200|6430|ROLAMENTO DE AGULHAS|00||
|0200|6545|BUCHA C/RASGO|00||
|0200|6546|ANEL ESPACADOR|00||
|0200|6575|ANEL RETENTOR|00||
|0200|6576|ALAVANCA - VALMET|00||
|0200|6577|CJ BRACO DO LEVANTE|00||
|0200|6489|TAMPA|00||
|0200|6550|JUNTA TAMPA|00||
|0200|6150|BUCHA DE ACO|00||
|0200|5973|BOMBA|00||
|0200|5974|RESERVATORIO DE FREIO|00||
|0200|5975|SOLENOIDE DA BOMBA INJETORA|00||
|0200|5881|RETENTOR DA CARCACA|00||
|0200|2690|ELEMENTO FILTRO SEPARADOR|00||
|0200|2423|CORREIA DE BORRACHA|00||
|0200|3064|ESPACADOR|00||
|0200|2424|ESTICADOR  CORREIA - 320/08651|00||
|0200|2425|CORREIA|00||
|0200|2300|ANEL DE ACO|00||
|0200|2288|MANGUEIRA|00||
|0200|2289|MANGUEIRA|00||
|0200|2171|RETENTOR DO FLANGE DA CAIXA|00||
|0200|1574|ELEMENTO FILTRANTE FLUXO|00||
|0200|1577|FILTRO DE AR|00||
|0200|1578|FILTRO DE AR|00||
|0200|1580|FILTRO DE OLEO TRANSMISSAO|00||
|0200|1487|TAMPA DO TANQUE DIESEL|00||
|0200|1488|ROLAMENTO|00||
|0200|1682|FILTRO LUBRIFICANTE - 836647133|00||
|0200|1744|COXIM DO ESPELHO|00||
|0200|1748|TAMPAO|00||
|0200|1834|CABO DE ACIONAMENTO|00||
|0200|2064|ANEL DE VEDACAO|00||
|0200|2030|BOMBA HIDRAULICA|00||
|0200|2074|RETENTOR - 80561000|00||
|0200|1159|TAMPA INFERIOR C PLACA CENTRAL|00||
|0200|1349|CABO DE ACELERADOR|00||
|0200|1351|CJ SUPORTE|00||
|0200|3803|CONJUNTO PORTA ESCOVA|00||
|0200|3912|BUCHA - 6300211|00||
|0200|3659|FILTRO DE AR|00||
|0200|1241|PORTA ESCOVA|00||
|0200|4215|ANELO|00||
|0200|4091|CONTA GIROS COM 5 CABOS|00||
|0200|2882|FIXADOR|00||
|0200|2989|CONJUNTO PUXADOR|00||
|0200|2994|EIXO|00||
|0200|3063|CABEÇOTE DO FILTRO|00||
|0200|3065|RETENTOR|00||
|0200|3066|ADESIVO|00||
|0200|3067|BUCHA DE ACO|00||
|0200|3092|SENSOR DE PRESSAO OLEO|00||
|0200|3093|SENSOR PRESSAO|00||
|0200|3094|ELEMENTO FILTRANTE|00||
|0200|3157|KIT DE RETENTORES|00||
|0200|3176|ELEMENTRO FILTRO|00||
|0200|3231|ELEMENTO DO FILTRO|00||
|0200|3232|FILTRO COMBUSTIVEL|00||
|0200|3264|BUJAO - 3614857|00||
|0200|3270|ANEL|00||
|0200|3513|ARRUELA DE PRESSAO ACO 1/2|00||
|0200|3425|RETENTOR REDUCAO|00||
|0200|5649|TAMPA|00||
|0200|5220|ANEL DE BORRACHA|00||
|0200|2863|ANEL|00||
|0200|4772|GARFO|00||
|0200|4792|MANGUEIRA|00||
|0200|4705|ANEL|00||
|0200|4854|ARRUELA LISA|00||
|0200|4855|ROLDANA|00||
|0200|4856|PARAFUSO|00||
|0200|4920|ANEL|00||
|0200|4632|ALAVANCA|00||
|0200|4319|JOGO ANEIS PISTAO|00||
|0200|4436|FECHO RAPIDO|00||
|0200|5187|CRUZETA|00||
|0200|5188|CRUZERA|00||
|0200|5189|TERMINAL FEMEA|00||
|0200|5190|TERMINAL MACHO|00||
|0200|5191|TERMINAL ENGATE RAPIDO Z6 1.3/8|00||
|0200|284|TERMINAL ENGATE RAPIDO|00||
|0200|294|TERMINAL FURO OVAL|00||
|0200|297|TERMINAL ENGATE RAPIDO|00||
|0200|303|TERMINAL FURO OVAL|00||
|0200|259|PINO ELASTICO 10 X 85|00||
|0200|267|TERMINAL FURO QUADRADO|00||
|0200|243|PINO ELASTICO 8 X 55 MM|00||
|0200|251|TERMINAL FURO QUADRADO|00||
|0200|282|TERMINAL FURO QUADRADO|00||
|0200|274|TERMINAL FURO QUADRADO|00||
|0200|314|TERMINAL FURO OVAL|00||
|0200|300|CRUZETA CW200|00||
|0200|247|CRUZETA CC55|00||
|0200|239|TERMINAL FURO OVAL|00||
|0200|237|PINO ENGATE RAPIDO|00||
|0200|235|TERMINAL FURO QUADRADO|00||
|0200|227|CRUZETA CC04|00||
|0200|228|TERMINAL FURO QUADRADO|00||
|0200|232|TERMINAL ENGATE RAPIDO|00||
|0200|233|LUVA ESTRIADA|00||
|0200|217|CRUZETA  CC36|00||
|0200|1929|TERMINAL FURO TRIANGULAR|00||
|0200|1932|TERMINAL FURO TRIANGULAR|00||
|0200|1933|TERMINAL REDONDO|00||
|0200|1934|TERMINAL FURO REDONDO|00||
|0200|1936|TERMINAL FURO REDONDO|00||
|0200|1937|CRUZETA|00||
|0200|1939|TERMINAL FURO TRIANGULAR|00||
|0200|1942|TERMINAL FURO TRIANGULO|00||
|0200|1943|TERMINAL FURO REDONDO|00||
|0200|1944|TERMINAL FURO TRIANGULAR|00||
|0200|1945|TERMINAL FURO TRIANGULAR|00||
|0200|2387|CRUZETA (30,2 X 80,0MM)|00||
|0200|2629|TERMINAL TRIANGULAR MACHO|00||
|0200|1938|TERMINAL ENGATE RAPIDO|00||
|0200|223|TERMINAL ENGATE RAPIDO|00||
|0200|2630|TERMINAL TRIANGULAR FEMEA|00||
|0200|6187|TERMINAL|00||
|0200|6189|DISCO DE FRICCAO C/8 FUROS|00||
|0200|6322|CRUZETA|00||
|0200|2957|BUJAO|00||
|0200|2959|PARAFUSO|00||
|0200|3059|ANEL - VALMET - 81326000|00||
|0200|3225|VARETA - 70320062|00||
|0200|3226|JUNTA|00||
|0200|3132|PIVO INFERIOR EIXO|00||
|0200|3133|INDICADOR TEMPERATURA|00||
|0200|3550|LUVA|00||
|0200|3420|IND. RESTRICAO (3587008) - VALMET|00||
|0200|3359|REPARO CILINDRO RKM - VALMET|00||
|0200|4281|ANEL GUIA PISTAO|00||
|0200|4282|JUNTA CABECOTE 3152|00||
|0200|4283|JUNTA TAMPA DE VALVULA|00||
|0200|4284|ANEL ELASTICO - VALMET|00||
|0200|4285|ANEL - VALMET|00||
|0200|3612|MANGUEIRA SUPERIOR|00||
|0200|3613|MANGUEIRA INFERIOR|00||
|0200|5126|RETENTOR TRACAO CARRARO|00||
|0200|5047|JUNTA MANCAL|00||
|0200|5048|TUBO FILTRO|00||
|0200|5441|PLATO EMBREAGEM DUPLA YANMAR|00||
|0200|5442|DISCO EXTERNO EMBREAGEM YANMAR|00||
|0200|5443|DISCO EMBR. 11/ YANMAR 1050|00||
|0200|4354|ALAVANCA|00||
|0200|4665|COPO|00||
|0200|4667|PORCA|00||
|0200|4668|TACOMETRO ELETRICO - VALMET|00||
|0200|4744|ROLAMENTO|00||
|0200|1161|ARTICULADOR - 81330800|00||
|0200|1162|ARRUELA TRAVA|00||
|0200|1163|PORCA|00||
|0200|1165|CALOTA DO CUBO|00||
|0200|1166|FILTRO DIESEL - VALMET|00||
|0200|1168|PARAFUSO SEXTAVADO|00||
|0200|1169|PINO ENGATE|00||
|0200|1171|PORCA TRAVA|00||
|0200|1172|GARFO DUPLO|00||
|0200|1173|PORCA MANGA DE EIXO|00||
|0200|2349|PARAFUSO|00||
|0200|2350|RETENTOR DA TOMADA DE FORÇA|00||
|0200|2404|VALVULA|00||
|0200|2406|JOGO REPARO|00||
|0200|2408|PORCA - 81333400|00||
|0200|2458|PIVO - 80607800|00||
|0200|2506|TRATOMETRO|00||
|0200|2508|INDICADOR|00||
|0200|2509|ARRUELA|00||
|0200|2210|CALCO REDUZIDA|00||
|0200|2211|JUNTA TAMPA|00||
|0200|2214|ARVORE|00||
|0200|2268|PINO|00||
|0200|2823|ROTULA|00||
|0200|2826|TAMPA DO VOLANTE|00||
|0200|2827|BUCHA DA BOMBA|00||
|0200|2722|ANEL|00||
|0200|2723|ARRUELA|00||
|0200|2724|ANEL - 80563400|00||
|0200|2725|BUCHA|00||
|0200|2726|ANEL - 516503|00||
|0200|2718|GARFO - 81343500|00||
|0200|2720|FILTRO COMBUSTIVEL|00||
|0200|2631|RETENTOR - VALMET|00||
|0200|2632|BOMBA - VALMET|00||
|0200|2635|TERMINAL DIREITO - VALMET|00||
|0200|2636|TERMINAL - VALMET|00||
|0200|2637|CAPA - VALMET|00||
|0200|2638|COPO - VALMET|00||
|0200|2639|DISCO - VALMET|00||
|0200|2642|BUCHA - VALMET|00||
|0200|2644|CAPA - VALMET 652073|00||
|0200|2645|RETENTOR - VALMET|00||
|0200|2646|RETENTOR - VALMET|00||
|0200|2647|RETENTOR FREIO - VALMET|00||
|0200|2648|ANEL - VALMET|00||
|0200|2649|ANEL - VALMET|00||
|0200|2650|ANEL - VALMET KH4932|00||
|0200|2651|ANEL - VALMET|00||
|0200|2613|EIXO COMANDO|00||
|0200|1984|PORCA DE RODA|00||
|0200|1985|PORCA CASTELO - JC3519|00||
|0200|2070|BOMBA ALIMENTADORA|00||
|0200|1767|RETENTOR DO CUBO|00||
|0200|1444|VARETA DE NIVEL - 70320054|00||
|0200|1445|ANEL TRAVA|00||
|0200|6313|INDICADOR DE TEMPERATURA|00||
|0200|6222|TAMPA DO TANQUE|00||
|0200|6098|JOGO REPARO DO EIXO DIANTEIRO|00||
|0200|6069|BUCHA - VALMET|00||
|0200|6070|BUCHA - VALMET|00||
|0200|5738|ARRUELA ENCOSTO PINHAO|00||
|0200|5740|EIXO DO PINHAO|00||
|0200|5742|ROLETE CILINDRICOS|00||
|0200|5743|ROLAMENTO|00||
|0200|5867|JOGO DE REPARO - VALMET|00||
|0200|5816|BOMBA ALIMENTADORA|00||
|0200|5678|LANTERNA 355 12V|00||
|0200|5966|ROLAMENTO EIXO PRINCIPAL|00||
|0200|6493|RETENTOR TRASEIRO BORRACHA|00||
|0200|6496|RETENTOR BORRACHA CAIXA - 81325300|00||
|0200|6436|ROLAMENTO DE ROLOS|00||
|0200|6437|ANEL DISTANCIADOR|00||
|0200|6438|ROLAMENTO DIFERENCIAL - VALMET|00||
|0200|6439|ANEL TRAVA DO CAMBIO|00||
|0200|6569|BUCHA BRACO LEVANTE HIDRAULICO|00||
|0200|6571|PORCA TRAVA PINHAO TDP VT6|00||
|0200|6475|REPARO COMANDO BONDIOLI DUPLO MF|00||
|0200|2189|REPARO DO COMANDO 061LA|00||
|0200|348|REPARO FANFOS / HIDROVER 3/8|00||
|0200|322|ENGATE RAPIDO|00||
|0200|319|CORPO DA BB. 3148762|00||
|0200|329|ENGATE RAPIDO - 190901|00||
|0200|4815|FIXADOR COMANDO 3/8  INFERIOR 5/16|00||
|0200|4816|FIXADOR COMANDO 1/2  INFERIOR 3/8|00||
|0200|4817|FIXADOR COMANDO 3/8  SUPERIOR 3/8|00||
|0200|4818|FIXADOR DA ALAVANCA DE CAMBIO83311200/1|00||
|0200|3732|RETENTOR - VALMET|00||
|0200|4819|FIXADOR COMANDO 1/2 INFERIOR 10MM|00||
|0200|4820|FIXADOR COMANDO 3/8 INFERIOR 8MM|00||
|0200|4821|FIXADOR COMANDO 1/2 SUPERIOR 8MM|00||
|0200|4823|FIXADOR COMANDO 3/8 SUPERIOR 8MM|00||
|0200|181|PARAFUSO ROCADORES|00||
|0200|179|PARAFUSO ROCADORES|00||
|0200|1889|RETENTOR 229 B|00||
|0200|1890|RETENTOR 573B|00||
|0200|1892|PINO ELASTICO|00||
|0200|1893|RETENTOR ARCA|00||
|0200|1894|PORCA CASTELO|00||
|0200|1895|PORCA CASTELO|00||
|0200|2136|ARRUELA DE PRESSÃO 1/2|00||
|0200|2137|PARAFUSO SEXTAVADO 1/2 X 1.1/4|00||
|0200|2140|RETENTOR 1135|00||
|0200|2141|RETENTOR 1861|00||
|0200|2142|TAMPAO 61 X 92 X 8|00||
|0200|2143|GUARNICAO DE BORRACHA|00||
|0200|4865|TENSOR DE CORRENTE LINHA GOLD|00||
|0200|3512|ESTICADOR DE CORRENTE C/ MEIA LUA|00||
|0200|6087|BOMBA COMBUSTIVEL DIESEL|00||
|0200|440|JG. REPARO DA CAMARA|00||
|0200|441|PISTAO DA BOMBA HIDRAULICA|00||
|0200|442|CAMARA DAS VALVULAS|00||
|0200|443|CAMARA DAS VALVULAS|00||
|0200|444|BLOCO DE BRONZE|00||
|0200|445|BLOCO DE BRONZE|00||
|0200|446|ANEL DO EMBOLO|00||
|0200|2814|BOMBA DAGUA -  VALMET|00||
|0200|2105|BOMBA ALIMENTADORA|00||
|0200|2307|MANGUEIRA|00||
|0200|4949|CABECOTE|00||
|0200|4991|MOLA - VALMET 652074|00||
|0200|4320|ANEL RETENTOR - VALMET KH4761|00||
|0200|4322|ANEL RETENTOR - VALMET|00||
|0200|5467|CABO DO ACELERADOR|00||
|0200|5681|BUCHA EIXO CARRARO|00||
|0200|448|REPARO COMP HIDRAULICO|00||
|0200|5228|REPARO CILINDRO - VALMET|00||
|0200|3433| REPARO CILINDRO - VALMET|00||
|0200|3055|BOMBA ALIMENTADORA|00||
|0200|3944|ANEL PLASTICO|00||
|0200|3689|RETENTOR - VALMET KH0096|00||
|0200|3690|RETENTOR - VALMET|00||
|0200|3691|EXCENTRICO - VALMET|00||
|0200|3693|RETENTOR - VALMET|00||
|0200|3695|JOGO REPARO 190205  - VALMET|00||
|0200|3669|PINO COMANDO - VALMET|00||
|0200|3670|VALVULA DE ALIVIO - VALMET|00||
|0200|3671|ESFERA - VALMET|00||
|0200|3672|MOLA - VALMET|00||
|0200|3674|ANEL - VALMET -|00||
|0200|3678|ANEL - VALMET KH4070|00||
|0200|3679|ANEL - VALMET KH4091|00||
|0200|3680|ARRUELA - VALMET 582410|00||
|0200|3681|ANEL - VALMET|00||
|0200|3682|RETENTOR - VALMET KH8051|00||
|0200|3683|ARRUELA - VALMET 217200|00||
|0200|3684|PINO - VALMET|00||
|0200|4097|TAMPA  M. EIXO - VALMET|00||
|0200|6141|TERMINAL ENGATE RAPIDO|00||
|0200|6312|CONECTOR P/MANGUEIRA|00||
|0200|6386|CILINDRO DO FREIO - VALMET|00||
|0200|5868|CINTA COM SUPORTE|00||
|0200|5869|ANEL|00||
|0200|5870|MANOPLA 10 X 27|00||
|0200|6034|TERMINAL FURO REDONDO LATERAL|00||
|0200|6035|MOLA - VALMET|00||
|0200|5967|ROLAMENTO  - VALMET|00||
|0200|994|PARAFUSO 3/4 X 4.1/2|00||
|0200|995|PARAFUSO 3/4 X 5.1/2|00||
|0200|999|PARAFUSO 7/8 X 5|00||
|0200|1000|PARAFUSO 1 X 6|00||
|0200|1001|PARAFUSO 1 X 7|00||
|0200|1002|PARAFUSO DISCO ARADO C/ PORCA|00||
|0200|1004|PARAFUSO DO BICO SULCADOR 1/2X2|00||
|0200|1008|PARAFUSO 7/8 X 5|00||
|0200|1012|PORCA 5/8 CHV 15/16|00||
|0200|1013|PORCA 3/4 CHV 1.1/8|00||
|0200|1015|PORCA 7/8 CHV 1.5/16|00||
|0200|1017|ARRUELA LISA 1/2|00||
|0200|1018|ARRUELA LISA 5/8|00||
|0200|1019|ARRUELA LISA 3/4|00||
|0200|1020|ARRUELA 7/8|00||
|0200|2146|FILTRO BICO MALHA 50 - M142/1|00||
|0200|4275|ARRUELA|00||
|0200|4959|ANEL|00||
|0200|4960|ANEL|00||
|0200|4980|SENSOR TEMPERATURA AGUA|00||
|0200|4866|GUIA COM HASTE|00||
|0200|4872|PLACA DE CIRCUITO|00||
|0200|4422|VEDACAO|00||
|0200|5321|ANEL BORRACHA|00||
|0200|5224|JUNTA CORTICA|00||
|0200|5166|ROLAMENTO|00||
|0200|5172|JUNTA|00||
|0200|5173|JUNTA|00||
|0200|5089|BOMBA ALIMENTADORA|00||
|0200|5079|CJ RESERVATORIO|00||
|0200|5080|SEDE DA VALVULA|00||
|0200|5083|TUBO VALVULA|00||
|0200|5421|SUPORTE  FIXACAO COMANDO|00||
|0200|3812|PORCA|00||
|0200|3831|SUPORTE EIXO|00||
|0200|3864|TAMPA COM ASSENTO|00||
|0200|3865|PORTA BICO|00||
|0200|3922|PONTEIRA  ENTALHADA - 13 ESTRIAS|00||
|0200|3648|CHAVETA|00||
|0200|3615|SENSOR TEMPERATURA|00||
|0200|3617|ARTICULACAO|00||
|0200|4269|JUNTA ARTICULACAO - 80569310|00||
|0200|4139|LUVA ACO|00||
|0200|4140|BICO FLANGE|00||
|0200|4143|ANEL TRAVA - VALMET|00||
|0200|4162|TUCHO|00||
|0200|4163|INTERRUPTOR|00||
|0200|4172|MOLA|00||
|0200|4013|BICO|00||
|0200|3265|PROLONGADOR|00||
|0200|3304|ROLAMENTO|00||
|0200|3308|JUNTA DO CARTER|00||
|0200|3510|BARRA SIMPLES 1.50CM|00||
|0200|3534|GRAMPO|00||
|0200|3582|EIXO|00||
|0200|3583|PORCA|00||
|0200|3589|PORCA - JB3710|00||
|0200|3476|PINO ELASTICO - 072450-9|00||
|0200|2979|RETENTOR LARGO|00||
|0200|3151|JOGO BRONZINA|00||
|0200|3178|PARAFUSO|00||
|0200|3184|FUSIVEL|00||
|0200|2032|FILTRO HIDRAULICO|00||
|0200|1843|PINO|00||
|0200|4927|POLIA|00||
|0200|1841|PEDAL|00||
|0200|1733|ANEL DO EMBOLO|00||
|0200|1739|JG DE ANEIS|00||
|0200|1616|ARRUELA DE PRESSAO|00||
|0200|1507|LANTERNA TRASEIRA|00||
|0200|1525|PORCA|00||
|0200|2756|ANEL DE VEDACAO|00||
|0200|2763|PARAFUSO|00||
|0200|2729|REPARO VALVULA|00||
|0200|2730|PARAFUSO 1/4 X 3/4|00||
|0200|2845|JOGO BRONZINA MANCAL 0,75|00||
|0200|2856|PARAFUSO|00||
|0200|2584|BUCHA|00||
|0200|2409|RETENTOR TDF|00||
|0200|2410|PARAFUSO 1/2 X 1.1/2|00||
|0200|2443|TIRANTE|00||
|0200|2121|ROLAMENTO|00||
|0200|6288|BUCHA PEDAIS|00||
|0200|6289|TUBO BOMBA ALIMENTADORA FILTRO|00||
|0200|6116|TERMINAL|00||
|0200|6031|ENGR. BOMBA OLEO - 70998129|00||
|0200|6042|MOLDURA TERMINAL|00||
|0200|5884|ALCA C/ PARAFUSO|00||
|0200|5769|BUCHA DO EIXO PTO|00||
|0200|6614|BIELA|00||
|0200|6446|ANEL|00||
|0200|6448|JG REPARO PARKER P/CILINDRO|00||
|0200|6533|KIT ESCOVAS|00||
|0200|6500|BUCHA|00||
|0200|6501|JUNTA|00||
|0200|5929|EXTENSAO RIGIDA 150|00||
|0200|1343|REPARO DE BOMBA DE GRAXA|00||
|0200|1346|MANGUEIRA DA BOMBA|00||
|0200|2980|COPO|00||
|0200|3792|PORCA|00||
|0200|3793|TRAVA|00||
|0200|4670|PINO|00||
|0200|4671|PINO|00||
|0200|4508|PORCA SEXTAVADA 1/2|00||
|0200|4509|ARRUELA LISA|00||
|0200|1092|JG REPARO CIL. ARADO - 53360100452|00||
|0200|1094|CALOTA DO CUBO DE RODA|00||
|0200|1096|PARAFUSO SEXTAVADO 9/16 X 2|00||
|0200|1097|PARAFUSO SEXTAVADO 1/4 X 3/4|00||
|0200|1105|RETENTOR (ARCA 5140)|00||
|0200|1106|EIXO DA RODA|00||
|0200|1107|BUCHA DE BRONZE|00||
|0200|1108|ABRACADEIRA|00||
|0200|1109|PINO CABECA FRANCESA|00||
|0200|1110|PINO CABECA REDONDA|00||
|0200|1112|PORCA CASTELO 1.1/2|00||
|0200|1115|PARAFUSO SEXTAVADO 3/4 X 4.1/2|00||
|0200|1119|ARRUELA LISA|00||
|0200|1120|PINO CABECA REDONDA|00||
|0200|1121|ROLDANA|00||
|0200|1122|JOGO DE REPARO CILINDRO DO ARADO|00||
|0200|1126|ANEL DE RETENCAO|00||
|0200|1127|ABRACADEIRA DO MANCAL|00||
|0200|1128|PORCA CASTELO|00||
|0200|1129|TRAVA DA PORCA CASTELO|00||
|0200|1130|PARAFUSO DE FENDA|00||
|0200|1131|CUBO DA RODA|00||
|0200|1132|PORCA CASTELO|00||
|0200|1133|CALOTA DA RODA GUIA|00||
|0200|1134|MOLA DE COMPRESSAO|00||
|0200|1135|EIXO COM CALOTA DA RODA GUIA|00||
|0200|1136|MOLA DE COMPRESSAO|00||
|0200|1137|MOLA DE COMPRESSAO|00||
|0200|2389|TAMPA|00||
|0200|2390|JOGO REPARO DO EMBOLO|00||
|0200|2391|ANEL DE RETENCAO|00||
|0200|1533|CALOTA C/SEXTAVADO DA RODA GUIA|00||
|0200|4726|ABRACADEIRA|00||
|0200|1537|ANEL DE RETENCAO|00||
|0200|1538|ENCOSTO DEM MOLA|00||
|0200|1539|EIXO DE UNIAO DO SUPORTE INFERIOR|00||
|0200|1541|BUCHA DE ENCOSTO DA MOLA|00||
|0200|1544|PORCA SEXTAVADA CASTELO 1\"|00||
|0200|1545|PORCA SEXTAVADA DE 1.5/8\"|00||
|0200|1546|CHAPA ESTRIADA MENOR|00||
|0200|1547|TRAVA DA PORCA DO EIXO|00||
|0200|1695|ARRUELA LISA|00||
|0200|1696|PORCA DO CUBO|00||
|0200|1697|TRAVA DA PORCA DO CUBO|00||
|0200|1698|PINO ELASTICO PESADO|00||
|0200|1967|FACA DA BROCA DE 18\"|00||
|0200|2031|BUCHA DO ARADO|00||
|0200|6143|DISTRIBUIDOR DE OELO|00||
|0200|1249|FUSIVEL ENCAIXE 10A|00||
|0200|1250|FUSIVEL ENCAIXE 15A|00||
|0200|1251|FUSIVEL ENCAIXE 20A|00||
|0200|1252|FUSIVEL ENCAIXE 25A|00||
|0200|3866|FUSIVEL ENCAIXE 30A|00||
|0200|2341|ANEL|00||
|0200|2658|FUNIL - VALMET|00||
|0200|2660|RETENTOR - VALMET|00||
|0200|3190|REPARO|00||
|0200|3234|BICO CONEXAO|00||
|0200|2913|RETENTOR|00||
|0200|3370|ALAVANCA - VALMET|00||
|0200|4145|MOLA|00||
|0200|3990|RETENTOR|00||
|0200|4131|PINO|00||
|0200|5006|ARTICULACAO - VALMET|00||
|0200|5008|CAPA BORRACHA - VALMET|00||
|0200|5010|RETENTOR - VALMET 111560|00||
|0200|5000|CALCO - VALMET|00||
|0200|4933|PARAFUSO BIELA - VALMET|00||
|0200|4936|ROLAMENTO ESFERA - VALMET|00||
|0200|4769|GARFO|00||
|0200|4654|CABO DA TDP - VALMET|00||
|0200|5033|JOGO REPARO - VALMET  80200900|00||
|0200|5034|RETENTOR - VALMET|00||
|0200|5156|ESPACADOR|00||
|0200|5252|REPARO|00||
|0200|5399|ALAVANCA  REGIME - VALMET|00||
|0200|5661|ANEL SEGURANCA|00||
|0200|5662|BUCHA DO HIDRAULICO|00||
|0200|5705|RETENTOR - VALMET|00||
|0200|5706|GUIA MANCAL - VALMET|00||
|0200|5708|ANEL CANGALHA - VALMET|00||
|0200|5637|ROLAMENTO  ESFERAS - VALMET|00||
|0200|5889|HORIMETRO|00||
|0200|5890|TACOMETRO ELETRICO|00||
|0200|5854|FIXADOR ALAVANCA - VALMET|00||
|0200|4337|PORCA|00||
|0200|4503|PARAFUSO 5/8 X 3|00||
|0200|4504|PARAFUSO 7/8 X 3|00||
|0200|4493|PARAFUSO|00||
|0200|5591|FILTRO - 5171457|00||
|0200|5390|FILTRO PSH 307|00||
|0200|5434|FILTRO|00||
|0200|5435|FILTRO|00||
|0200|5436|FILTRO|00||
|0200|5437|FILTRO - YANMAR - YB41.48081|00||
|0200|2416|ENGRENAGEM - 81334100|00||
|0200|1374|ARRUELA  - 81334300 / 80561700|00||
|0200|1375|ANEL DE SEGURANCA - 81330900|00||
|0200|1376|ANEL - 80560110|00||
|0200|1377|GARFO|00||
|0200|1378|CRUZETA|00||
|0200|3115|CAMARA MONTADA|00||
|0200|1382|RETENTOR DA TRAÇAO|00||
|0200|3118|BUCHA TAMPA|00||
|0200|3119|LUVA REDUZIDA|00||
|0200|3577|GARFOM ARTICULACAO|00||
|0200|3137|CORPO MEXEDOR|00||
|0200|3138|PRENSA GAXETA|00||
|0200|3139|NIPLE|00||
|0200|3140|JUNTA|00||
|0200|3141|CUBO|00||
|0200|3142|ARRUELA|00||
|0200|1387|VEDACAO|00||
|0200|1388|MANCAL FLANGE|00||
|0200|1390|PORCA DE ACO|00||
|0200|1393|DISCO 70|00||
|0200|1396|PINO ELASTICO|00||
|0200|1398|ARRUELA GUIA|00||
|0200|2427|ANEL|00||
|0200|2428|CABECOTE|00||
|0200|2429|ANEL|00||
|0200|2430|CORPO DA VALVULA|00||
|0200|2432|ANEL|00||
|0200|2435|PARAFUSO|00||
|0200|2239|JUNTA|00||
|0200|2240|BIELA|00||
|0200|2242|CORPO DO MANCAL|00||
|0200|2245|BUJAO|00||
|0200|2247|POLIA 89 X 7 X 3V|00||
|0200|2107|CORPO DO BICO|00||
|0200|2109|VEDACAO|00||
|0200|2111|CLIP P/MANGUEIRA|00||
|0200|1856|PORCA 3/4|00||
|0200|1399|EIXO|00||
|0200|2431|ALAVANCA|00||
|0200|1859|MOLA HELICOIDAL DE ACO|00||
|0200|1921|CONDUTOR|00||
|0200|1415|ABRACADEIRA LARGA 22X32 ( 423814)|00||
|0200|1419|ABRACADEIRA LARGA 25X35 ( 330969 )|00||
|0200|1420|ABRACADEIRA LARGA 32X44|00||
|0200|1421|ABRACADEIRA LARGA 38 X 51 ( 490802 )|00||
|0200|1423|ABRACADEIRA LARGA 44X57|00||
|0200|1424|ABRACADEIRA LARGA 51X64 ( 490804 )|00||
|0200|1425|ABRACADEIRA LARGA 57X76 ( 2801096 )|00||
|0200|1426|ABRACADEIRA LARGA 70 X 89 ( 2800261 )|00||
|0200|1427|ABRACADEIRA LARGA 83 X 102|00||
|0200|1428|ABRACADEIRA LARGA 89 X 108|00||
|0200|1429|ABRACADEIRA LARGA 102 X 121 ( 3468400 )|00||
|0200|1430|COLA SILICONE PRETA|00||
|0200|1431|COLA SILICONE PRETA WURTH|00||
|0200|1432|TRAVA ROSCA|00||
|0200|1465|TUBO FURO REDONDO|00||
|0200|1466|TERMINAL FURO REDONDO|00||
|0200|1467|TERMINAL FURO REDONDO|00||
|0200|1468|TERMINAL ENTALHADO|00||
|0200|1469|TUBO FURO REDONDO|00||
|0200|1470|TERMINAL FURO REDONDO|00||
|0200|3082|INTERRUPTOR|00||
|0200|1472|CRUZETA|00||
|0200|1473|CRUZETA|00||
|0200|1474|CRUZETA|00||
|0200|2936|TUBO|00||
|0200|1499|BATERIA M100HE|00||
|0200|2542|BATERIA M60AD|00||
|0200|1552|ABRACADEIRA PLASTICA 20CM|00||
|0200|1553|SOQUETE ISOLADO PAINEL|00||
|0200|1556|LAMPADA 2 POLOS DESIGUAIS|00||
|0200|1557|LAMPADA H4 BIODO 3 PINOS 60W|00||
|0200|1558|LAMPADA H5  BIODO REDONDA|00||
|0200|1563|CHAVE DE LUZ MASSEY FERGUSON|00||
|0200|1564|RELE AUXILIAR|00||
|0200|1565|RELE PARTIDA 40A 12V|00||
|0200|1694|BICO ENGATE MACHO 1/2|00||
|0200|2948|LAMPADA H4|00||
|0200|1500|BATERIA 100 AMPERES|00||
|0200|1817|PINO|00||
|0200|1821|CONEXAO COM ROSCA - CF700.56A.108A|00||
|0200|1823|PORCA CASTELO|00||
|0200|1824|ARRUELA LISA|00||
|0200|1815|TAMPA DE OLEO DO MOTOR|00||
|0200|1819|PINO COM ROSCA - CF700.56A.101|00||
|0200|6078|CABO ACELERADOR MAO 75CV|00||
|0200|6079|CABO ACELERADOR PE 75CV|00||
|0200|2769|TERMINAL BATERIA 10M.M|00||
|0200|2770|TERMINAL BATERIA 16M.M|00||
|0200|2178|ABRACADEIRA ( 14X22 ) 107664|00||
|0200|2179|ABRACADEIRA ( 12X16 ) 063370|00||
|0200|2379|FUSIVEL VIDRO 30 AMP|00||
|0200|4724|RELE DE PISCA|00||
|0200|4725|RELE AUXILIAR 4 SAIDAS|00||
|0200|4727|TERMINAL BATERIA|00||
|0200|4040|LAMPADA 67 12V 5W|00||
|0200|4041|ABRACADEIRA 7.2MM X 500|00||
|0200|4042|ABRACADEIRA 4,8MM X 390|00||
|0200|5949|SOQUETE FAROL|00||
|0200|1904|RETENTOR TDP|00||
|0200|1905|RETENTOR RODA TRASEIRA|00||
|0200|1907|RETENTOR|00||
|0200|1908|RETENTOR|00||
|0200|1909|RETENTOR PEQUENO DO FLANGE|00||
|0200|1910|RETENTOR DO CUBO|00||
|0200|1911|RETENTOR - 81272600|00||
|0200|1912|RETENTOR DO CUBO TRAZEIRO|00||
|0200|1913|RETENTOR SEMI EIXO - 81185200|00||
|0200|1914|RETENTOR|00||
|0200|1915|RETENTOR|00||
|0200|1917|RETENTOR|00||
|0200|1918|RETENTOR|00||
|0200|1919|RETENTOR CABO DO HORIMETRO|00||
|0200|4017|FILTRO AR PRIMARIO - U60|00||
|0200|4018|FILTRO INTERNO - 40269343 - U60|00||
|0200|4751|RESERVATORIO DE FREIO|00||
|0200|5731|AMORTECEDOR DO CAPO/PLUS 80/90/100|00||
|0200|2319|BOMBA HIDRAULICA|00||
|0200|4589|FILTRO OLEO MOTOR U60|00||
|0200|4590|FILTRO COMBUSTIVEL|00||
|0200|2290|CORPO DIANTEIRO - R979016512M|00||
|0200|2291|CORPO TRAZEIRO - R979016513M|00||
|0200|3757|CONJUNTO PALHETAS|00||
|0200|3712|MANGUEIRA|00||
|0200|6027|ROLAMENTO|00||
|0200|2464|ROLAMENTO|00||
|0200|4121|ROLAMENTO|00||
|0200|4316|ROLAMENTO|00||
|0200|4753|RETENTOR|00||
|0200|3644|RETENTOR|00||
|0200|6040|NIPLE DA VALVULA|00||
|0200|5552|CHAVE DE PRESSAO|00||
|0200|5051|ANEL YANMAR|00||
|0200|5052|LONA DE FREIO|00||
|0200|2620|PINO ENGATE SEM ARGOLA|00||
|0200|2621|PARAFUSO FACA ROCADEIRA|00||
|0200|4979|RETENTOR|00||
|0200|5325|FILTRO LUBRIFICANTE|00||
|0200|5308|RETENTOR|00||
|0200|5309|RETENTOR YANMAR|00||
|0200|5310|RETENTOR YANMAR|00||
|0200|5312|REBITE 6 X 15|00||
|0200|5012|BARRA EXTERNA  ESTABILIZADOR|00||
|0200|5014|FILTRO BLINDADO YANMAR|00||
|0200|5019|ANEL YANMAR|00||
|0200|5020|ANEL YANMAR|00||
|0200|5022|RETENTOR YANMAR|00||
|0200|5023|FILTRO OLEO HIDR. - YB41.48080|00||
|0200|5764|ELEMENTO FILTRO OLEO|00||
|0200|5852|RETENTOR YANMAR - YB40T.15212|00||
|0200|4987|TERMINAL DIREITO|00||
|0200|4988|TERMINAL DIREITO - 80592510|00||
|0200|4989|TERMINAL ESQUERDA - 80592410|00||
|0200|4789|PONTEIRA ESQUERDA|00||
|0200|4790|PONTEIRA ROSCADA|00||
|0200|4456|TUBO ESTABILIZADOR|00||
|0200|5507|TERMINAL YANMAR|00||
|0200|5509|TERMINAL YANMAR|00||
|0200|5510|TERMINAL YANMAR|00||
|0200|5511|PINO ESTABILIZADOR|00||
|0200|794|PORCA|00||
|0200|3771|TERMINAL DIR. - VALMET 81500300|00||
|0200|3772|TERMINAL ESQ - VALMET 81508000|00||
|0200|3773|PONTEIRA DIREITA 3/4|00||
|0200|3618|ARTICULACAO - 80604200|00||
|0200|3621|PINO - VALMET|00||
|0200|3853|PINO TERMINAL - VALMET|00||
|0200|3235|BARRA DIRECAO ESQUERDA|00||
|0200|2787|TERMINAL COM ADAPTADOR|00||
|0200|2791|BARRA DIREÇÃO CARRARO|00||
|0200|2794|ESTICADOR|00||
|0200|2795|TERMINAL 3/4 1 ELO|00||
|0200|2796|TERMINAL|00||
|0200|2930|PORTA ESCOVA 102 -4|00||
|0200|2933|REGULADOR DE VOLTAGEM|00||
|0200|3810|AUTOMATICO|00||
|0200|4253|INDUZIDO|00||
|0200|4109|ROLAMENTO - LA1979|00||
|0200|5084|PLANETARIA DA PARTIDA|00||
|0200|4332|COMUTADOR DE FAROL DUPLO|00||
|0200|2785|TERMINAL BARRA RETO|00||
|0200|2788|TERMINAL|00||
|0200|5029|CAIXA DE FUSIVEIS|00||
|0200|5030|REGULADOR|00||
|0200|4918|ROLAMENTO|00||
|0200|4976|TAMPA CUBO DE PRESSÃO|00||
|0200|4978|TAMPA CUBO DE PARAFUSO|00||
|0200|3022|RASPADOR|00||
|0200|3023|RASPADOR|00||
|0200|3024|REPARO MARCHESAN|00||
|0200|3025|REPARO MARCHESAN|00||
|0200|3026|REPARO MARCHESAN|00||
|0200|3027|REPARO MARCHESAN|00||
|0200|3028|REPARO MARCHESAN|00||
|0200|3031|REPARO MARCHESAN|00||
|0200|3032|REPARO BALDAN|00||
|0200|3033|REPARO JCB CONCHA DIANT - 991/10152|00||
|0200|3038|REPARO JCB CAÇAMBA TRASEIRA|00||
|0200|3039|REPARO JCB|00||
|0200|3041|REPARO JCB - 991/10141|00||
|0200|3042|GAXETA|00||
|0200|705|CAMARA|00||
|0200|3043|GAXETA|00||
|0200|3045|GAXETA|00||
|0200|3048|RETENTOR|00||
|0200|3050|ROLAMENTO|00||
|0200|3051|ROLAMENTO|00||
|0200|3193|ROLAMENTO - 460865|00||
|0200|3194|ROLAMENTO|00||
|0200|3195|ROLAMENTO - 11949/10|00||
|0200|6566|TF PSL 135 - TNE88.35150|00||
|0200|4765|CONJUNTO PUXADOR FRONTAL|00||
|0200|4766|CONJUNTO TRINCO GRADE FRONTAL|00||
|0200|3348|PRISIONEIRO ACO|00||
|0200|3350|BRONZINA BIELA|00||
|0200|3353|VARETA MEDIDORA NIVEL|00||
|0200|3355|JUNTA CAIXA DISTRIBUICAO|00||
|0200|5813|EMBREMA TRIPLO TRIANGULO|00||
|0200|3590|ANEL|00||
|0200|3480|BROZINA DE MANCAL 4203/D-4203 0.25|00||
|0200|3482|BROZINA DE MANCAL4203/D-4203 0.50|00||
|0200|3484|BRONZINA DE BIELA 4203/D-4203 STD|00||
|0200|3485|BRONZINA DE BIELA 4203/D-4203 0,25|00||
|0200|3486|BRONZINA DE BIELA 4203/D-4203 0,50|00||
|0200|3491|VARETA NIVEL OLEO|00||
|0200|3492|TUBO HASTE DE NIVEL|00||
|0200|3494|BOMBA ALIMENTADORA|00||
|0200|4713|COTOVELO DE SUCCAO|00||
|0200|5978|LUVA 22 X 27 X 72|00||
|0200|5981|MOLA|00||
|0200|5982|PASTILHA|00||
|0200|5984|JUNTA 200  X 151 X 02|00||
|0200|3496|JOGO DE JUNTAS|00||
|0200|5985|PARAFUSO|00||
|0200|3701|ELEMENTO FILTRANTE|00||
|0200|3704|CORREIA|00||
|0200|3887|BUCHA ACO 061303|00||
|0200|3888|BUCHA ACO|00||
|0200|4276|SENSOR ELETRONICO|00||
|0200|4241|FILTRO COMB C/ CABECOTE|00||
|0200|5429|SENSOR DE TEMPERATURA|00||
|0200|4348|INTERRUPTOR DE PRESSAO|00||
|0200|3765|CORREIA|00||
|0200|3767|ELEMENTO PARA FILTRO COMBUSTIVEL|00||
|0200|6423|ROLAMENTO 21311 - VALMET|00||
|0200|3769|FILTRO DE COMBUSTIVEL|00||
|0200|3770|ELEMENTO FILTRO DE COMBUSTIVEL|00||
|0200|4355|RETENTOR CUBO|00||
|0200|4356|BOMBA D AGUA|00||
|0200|4361|SENSOR TEMPERATURA|00||
|0200|4362|SOLENOIDE DA BOMBA|00||
|0200|4370|FILTRO LUBRIFICANTE|00||
|0200|4371|FILTRO COMBUSTIVEL|00||
|0200|5648|CR JUNTA CAIXA DE DISTRIBUICAO|00||
|0200|5602|ANEL DE CUBO|00||
|0200|5280|COPO DO FILTRO RETO|00||
|0200|6393|CR JG CASQUILHO MANCAL / 4203133|00||
|0200|5132|ROLAMENTO DE ESFERA|00||
|0200|5683|ANEL SICRONIZADO - VALMET|00||
|0200|5684|CAPA E CUBO|00||
|0200|5685|CHAVETA COMANDO 641161|00||
|0200|5626|CHAVETA|00||
|0200|5369|CILINDRO DE FREIO|00||
|0200|5370|CALCO|00||
|0200|5371|BBA ALIMENTADORA|00||
|0200|5408|CJ CABO EMBREAGEM|00||
|0200|5503|VALVULA JP 150|00||
|0200|5521|PLATO SIMPLES YANMAR 1055 DT|00||
|0200|5522|PARAFUSO|00||
|0200|5175|RETENTOR - 81238600|00||
|0200|5177|PORCA|00||
|0200|5178|JG REPARO - VALMET|00||
|0200|5195|ROLAMENTO|00||
|0200|5196|RETENTOR ARCA|00||
|0200|5197|TERMINAL ESTAB.|00||
|0200|5198|GUIA - VALMET|00||
|0200|5199|PARAFUSO SEXT.|00||
|0200|5200|ARRUELA|00||
|0200|5203|RETENTOR EIXO PIL LX|00||
|0200|5112|CALCO|00||
|0200|5113|JUNTA BORRACHA|00||
|0200|5244|ARRUELA LISA|00||
|0200|5246|PROTETOR  DO ROLAMENTO|00||
|0200|5247|ANEL|00||
|0200|5248|BICO CURVO|00||
|0200|5249|BICO DE CONEXAO|00||
|0200|5250|BICO REDUTOR|00||
|0200|4905|BUJAO 0 1.1/4|00||
|0200|4906|CHAVETA|00||
|0200|4684|PARAFUSO|00||
|0200|4685|DISCO|00||
|0200|4686|GUARNICAO|00||
|0200|4687|GUARNICAO|00||
|0200|4749|REPARO BOMBA - M228|00||
|0200|4481|CRUZETA|00||
|0200|4482|CABO|00||
|0200|4483|PORCA|00||
|0200|4401|GUIA COM HASTE|00||
|0200|4402|BASE MANCAL|00||
|0200|4403|CONEXAO|00||
|0200|4406|ANEL|00||
|0200|4412|ARRUELA LISA|00||
|0200|4413|ANEL|00||
|0200|4397|JOGO REPARO|00||
|0200|4643|COTOVELO|00||
|0200|4644|TORNEIRA PLASTICA|00||
|0200|4604|PINO|00||
|0200|6473|EIXO CLARK|00||
|0200|6474|BICO|00||
|0200|6537|TAMPAO CORPO HIDRAULICO|00||
|0200|6408|CALCO REG EIXO PRINCIPAL|00||
|0200|6409|ROLAMENTO NUP 206 E - VALMET|00||
|0200|6445|FILTRO DE OLEO|00||
|0200|5895|ABRACADEIRA|00||
|0200|5896|ABRACADEIRA - M617|00||
|0200|5898|CONEXAO INTERMEDIARIA|00||
|0200|5900|PARAFUSO C/ PORCA|00||
|0200|6059|MANOPLA COM TRAVA|00||
|0200|6060|MANOPLA ALAVANCA|00||
|0200|6318|JG REPARO|00||
|0200|6320|LANTERNA DIANTEIRA|00||
|0200|6303|TAMPAO BORRACHA TANQUE|00||
|0200|6292|FILTRO LUBRIFICANTE|00||
|0200|6293|FILTRO DE OLEO - VALMET|00||
|0200|6148|CURVA|00||
|0200|4462|TRAVA|00||
|0200|4464|ABRACADEIRA|00||
|0200|4465|PINO - VALMET|00||
|0200|4466|PINO - VALMET|00||
|0200|5555|GARFO DO BRACO|00||
|0200|5556|GARFO LADO ESQUERDO SUPERIOR|00||
|0200|5557|BRACO INFERIOR MAIOR|00||
|0200|5558|BRACO NIVELADOR ESQ S/ REGULAGEM|00||
|0200|4716|BUCHA - VALMET|00||
|0200|4243|BROZINA|00||
|0200|4375|REPARO COMANDO|00||
|0200|4376|RETENTOR SUPORTE|00||
|0200|4619|FACA ROTOCANTERADOR|00||
|0200|6413|KIT FACAS DO ROTOR|00||
|0200|6344|KIT BLOQUEADOR TDF 6 ESTRIAS|00||
|0200|6590|JG DE REPARO DA BOMBA|00||
|0200|6591|JOGO DE REPARO|00||
|0200|4907|DISCO CERAMICA N3 - M123|00||
|0200|4908|DISCO CERAMICA N4 - M124|00||
|0200|4909|CARACOL CERAMICA N23  2F - M133|00||
|0200|4910|CARACOL CERAMICA N25 2F - M134|00||
|0200|4911|CARACOL CERAMICA N45 4F - M138|00||
|0200|4912|PORCA - M218|00||
|0200|4913|DISCO CERAMICA N6 - M101|00||
|0200|4914|DIFUSOR CERAMICA 2F - M118|00||
|0200|4915|DIFUSOR CERAMICA 3F - M119|00||
|0200|5468|BICO CONE CERAMICA - MGA 015 90 M403|00||
|0200|5469|BICO MGA 015 40º|00||
|0200|5470|BICO CONE CERAMICA - MGA 02 90 GRAUS|00||
|0200|5471|BICO MGA 4002|00||
|0200|5472|FILTRO DE LINHA COPO LONGO|00||
|0200|5473|BICO MGA 04 40º|00||
|0200|5474|BICO MGA 60-04|00||
|0200|5475|BICO MGA 90-04|00||
|0200|5691|BICO MGA 6002|00||
|0200|5693|CAPA|00||
|0200|6065|FILTRO LUBRIFICANTE - 71029|00||
|0200|5694|ELEMENTO DUPLO - M506/7|00||
|0200|6350|BICO CONE MGA 03 90 º|00||
|0200|6351|BICO MGA 03 40º|00||
|0200|6352|BICO CONE VAZIO MGA 4 - M056|00||
|0200|6232|BICO MGA 015 60º|00||
|0200|6118|EMENDA EM L C/ ESPIGA 1/2|00||
|0200|6119|EMENDA EM T C/ ESPIGA 1/2|00||
|0200|6115|CONECTOR L ROSCA 1/2 - M245/2|00||
|0200|6208|CARACOL CERAMICA 35 3 FUROS M137|00||
|0200|6209|DISCO CERAMICA COPO 5 M 125|00||
|0200|6052|ABRACADEIRA  M249/1 / 40MM|00||
|0200|6053|PORCA DE AJUSTE - M249/2|00||
|0200|6054|BICO CERAMICA CONE VAZIO MAG 2|00||
|0200|6055|BICO CONE VAZIO MAG 3 - M055|00||
|0200|6056|KIT REPARO BOMBA JP 150 - M229|00||
|0200|6057|BICO CERAMICA CONE VAZIO MAG 5|00||
|0200|5640|INDICADOR DE TEMPERATURA|00||
|0200|5641|SENSOR TERMICO|00||
|0200|5642|INDICADOR DE TEMPERATURA|00||
|0200|5643|TRATOMETRO|00||
|0200|5644|INDICADOR DE COMBUSTIVEL|00||
|0200|5645|ARO AMORTECEDOR|00||
|0200|4967|PAINEL MWM|00||
|0200|4968|PAINEL PERKINS|00||
|0200|4971|INDICADOR TEMPERATURA|00||
|0200|6459|DISCO YANMAR|00||
|0200|6460|DISCO YANMAR|00||
|0200|6461|PLATO YANMAR|00||
|0200|5499|ROLAMENTO|00||
|0200|5356|APOIO DA GAXETA|00||
|0200|5358|CABECOTE|00||
|0200|5359|INTERRUPTOR|00||
|0200|5360|EXTENSAO 900 COMPLETA|00||
|0200|5362|GAXETA U-12|00||
|0200|5364|RETENTOR 03227|00||
|0200|5365|TAMPA DA CAIXA ELETRICA|00||
|0200|5366|VALVULA|00||
|0200|5367|VALVULA|00||
|0200|5368|VEDACAO DA CHAVE ELETRICA|00||
|0200|5871|ROLAMENTO - NJ210|00||
|0200|5872|RETENTOR - 01135|00||
|0200|5962|ROLAMENTO ESFERAS|00||
|0200|5476|ROLAMENTO YANMAR|00||
|0200|5477|ROLAMENTO YANMAR|00||
|0200|5478|ROLAMENTO YANMAR|00||
|0200|5479|ROLAMENTO YANMAR|00||
|0200|5480|ROLAMENTO YANMAR|00||
|0200|5481|ROLAMENTO YANMAR|00||
|0200|5482|ROLAMENTO YANMAR|00||
|0200|5483|ROLAMENTO YANMAR|00||
|0200|5484|ROLAMENTO YANMAR|00||
|0200|5485|ROLAMENTO YANMAR|00||
|0200|5486|ROLAMENTO YANMAR|00||
|0200|5487|ROLAMENTO YANMAR|00||
|0200|5488|ROLAMENTO YANMAR|00||
|0200|5489|ROLAMENTO YANMAR|00||
|0200|5490|ROLAMENTO YANMAR|00||
|0200|5491|ROLAMENTO YANMAR|00||
|0200|5493|ROLAMENTO YANMAR|00||
|0200|5494|ROLAMENTO YANMAR|00||
|0200|5495|ROLAMENTO YANMAR|00||
|0200|5496|ROLAMENTO YANMAR|00||
|0200|5498|ROLAMENTO YANMAR|00||
|0200|5592|RETENTOR YANMAR|00||
|0200|5593|RETENTOR YANMAR|00||
|0200|5594|RETENTOR YANMAR|00||
|0200|5595|RETENTOR YANMAR|00||
|0200|5596|RETENTOR YANMAR|00||
|0200|5530|LANTERNA TRAZEIRA|00||
|0200|5531|LANTERNA YANMAR|00||
|0200|5532|LANTERNA YANMAR|00||
|0200|5533|LANTERNA YANMAR- YB40.53050|00||
|0200|5534|LANTERNA|00||
|0200|5535|LANTERNA YANMAR|00||
|0200|5562|ANEL YANMAR|00||
|0200|5563|ANEL YANMAR|00||
|0200|5564|ANEL YANMAR|00||
|0200|5565|ANEL YANMAR|00||
|0200|5566|ANEL YANMAR|00||
|0200|5567|ANEL YANMAR|00||
|0200|5568|ANEL YANMAR|00||
|0200|5569|ANEL YANMAR|00||
|0200|5570|ANEL YANMAR|00||
|0200|5571|ANEL YANMAR|00||
|0200|5572|ANEL YANMAR|00||
|0200|5574|ANEL YANMAR|00||
|0200|5575|ANEL YANMAR|00||
|0200|5576|ANEL YANMAR|00||
|0200|5577|ANEL YANMAR|00||
|0200|5587|MANCAL DA BIELA|00||
|0200|6275|RETENTOR 70X95X15 YB40T.15232|00||
|0200|5926|KIT COMPLETO|00||
|0200|5991|PALHETA REGULAVEL ARBUS|00||
|0200|5747|BICO|00||
|0200|5748|BICO|00||
|0200|6082|CORPO DO MEXEDOR (CUBO)|00||
|0200|5631|MANOMETRO 600 LBRS|00||
|0200|5712|CHAVE PARTIDA YANMAR|00||
|0200|5713|CHAVE PARTIDA|00||
|0200|5714|INDUZIDO PARTIDA|00||
|0200|5716|ESTATOR|00||
|0200|5717|ROTOR|00||
|0200|6081|CABECOTE FILTRO HIDRAULICO|00||
|0200|6175|COPO PARA FILTRO|00||
|0200|5630|MANOMETRO 1000 LBS - M600/5|00||
|0200|5751|VALVULA  JP 75/100|00||
|0200|5046|PARAFUSO - 80297000|00||
|0200|3548|MANGUEIRA|00||
|0200|1117|BUCHA|00||
|0200|4752|PINO ENGATE|00||
|0200|4245|BUCHA - VALMET|00||
|0200|115|PINO PEDAL EMBREAGEM|00||
|0200|110|PINO DA BALANCA|00||
|0200|113|PINO PEDAL EMBREAGEM|00||
|0200|1726|MAO DE OBRA|00||
|0200|1180|MAO DE OBRA TERCEIROS|00||
|0200|769|BUJAO MB-42|00||
|0200|1851|JOGO DE REPARO|00||
|0200|1333|BICO JA - 0,5|00||
|0200|350|TRAVA|00||
|0200|2132|DISCO FRICCAO - 139,0X82,0X5,0 / 019308-0|00||
|0200|2133|DISCO FRICCAO - 139,0X59,0X5,0 / 073520-7|00||
|0200|2134|DISCO DE FRICCAO|00||
|0200|1935|TERMINAL FURO REDONDO|00||
|0200|6176|BOMBA ALIMENTADORA|00||
|0200|6102|LUVA ESTRIADA|00||
|0200|6243|TAMPA CUBO FORJADO F4|00||
|0200|6268|PINO TRAVA DA LUVA CARDAN|00||
|0200|6269|PINO SUBSOLADOR 1/2 X 100 MM|00||
|0200|6270|PINO ENGATE|00||
|0200|6387|VALVULA COM INSERTO|00||
|0200|6388|VALVULA COMPLETA 75|00||
|0200|6548|AUTOMATICO|00||
|0200|6549|CONJ RETF MASSEY|00||
|0990|2843|
|H001|0|
|H020|0|31122017|476183,57|0,00|0,00|0,00|0,00|0,00|476183,57|||
|H030|0|11053630000140|0|73182200|10|PC|18,28|4,00|73,12|0,00||0,00|0,00|0,00||
|H030|0|11053630000140|0|84836090|15|PC|0,00|2,00|0,00|0,00||0,00|0,00|0,00||
|H030|0|11053630000140|0|84822090|19|PC|107,84|4,00|431,36|0,00||0,00|0,00|0,00||
|H030|0|11053630000140|0|40169300|20|PC|56,85|2,00|113,70|0,00||0,00|0,00|0,00||
|H030|0|11053630000140|0|40169300|22|PC|87,03|1,00|87,03|0,00||0,00|0,00|0,00||
|H030|0|11053630000140|0|84834090|23|PC|497,20|1,00|497,20|0,00||0,00|0,00|0,00||
|H030|0|11053630000140|0|84834090|24|PC|139,69|3,00|419,07|0,00||0,00|0,00|0,00||
|H030|0|11053630000140|0|87089990|26|PC|0,00|3,00|0,00|0,00||0,00|0,00|0,00||
|H030|0|11053630000140|0|73182200|29|PC|0,00|2,00|0,00|0,00||0,00|0,00|0,00||
|H030|0|11053630000140|0|84249090|30|PC|4,06|6,00|24,36|0,00||0,00|0,00|0,00||
|H030|0|11053630000140|0|84249090|32|PC|3,20|4,00|12,80|0,00||0,00|0,00|0,00||
|H030|0|11053630000140|0|84249090|34|PC|30,07|1,00|30,07|0,00||0,00|0,00|0,00||
|H030|0|11053630000140|0|84249090|35|PC|0,00|2,00|0,00|0,00||0,00|0,00|0,00||
|H030|0|11053630000140|0|84249090|37|PC|25,22|7,00|176,54|0,00||0,00|0,00|0,00||
|H030|0|11053630000140|0|84248119|38|PC|0,00|6,00|0,00|0,00||0,00|0,00|0,00||
|H030|0|11053630000140|0|84248119|39|PC|26,13|1,00|26,13|0,00||0,00|0,00|0,00||
|H030|0|11053630000140|0|84329000|43|PC|19,57|79,00|1546,03|0,00||0,00|0,00|0,00||
|H030|0|11053630000140|0|84819090|50|PC|3,77|6,00|22,62|0,00||0,00|0,00|0,00||
|H030|0|11053630000140|0|87082914|52|PC|13,82|1,00|13,82|0,00||0,00|0,00|0,00||
|H030|0|11053630000140|0|87082914|53|PC|12,26|2,00|24,52|0,00||0,00|0,00|0,00||
|H030|0|11053630000140|0|90262090|54|PC|37,71|5,00|188,55|0,00||0,00|0,00|0,00||
|H030|0|11053630000140|0|84149020|55|PC|34,18|20,00|683,60|0,00||0,00|0,00|0,00||
|H030|0|11053630000140|0|84249010|57|PC|0,00|3,00|0,00|0,00||0,00|0,00|0,00||
|H030|0|11053630000140|0|84249010|58|PC|2,23|10,00|22,30|0,00||0,00|0,00|0,00||
|H030|0|11053630000140|0|84249010|59|PC|0,00|2,00|0,00|0,00||0,00|0,00|0,00||
|H030|0|11053630000140|0|84212300|61|PC|14,86|6,00|89,16|0,00||0,00|0,00|0,00||
|H030|0|11053630000140|0|87089490|62|PC|53,48|3,00|160,44|0,00||0,00|0,00|0,00||
|H030|0|11053630000140|0|84842000|64|PC|0,30|10,00|3,00|0,00||0,00|0,00|0,00||
|H030|0|11053630000140|0|84212990|65|PC|6,73|15,00|100,92|0,00||0,00|0,00|0,00||
|H030|0|11053630000140|0|40169300|67|PC|17,13|5,00|85,65|0,00||0,00|0,00|0,00||
|H030|0|11053630000140|0|87089990|68|PC|8,59|2,00|17,18|0,00||0,00|0,00|0,00||
|H030|0|11053630000140|0|87089990|69|PC|6,04|1,00|6,04|0,00||0,00|0,00|0,00||
|H030|0|11053630000140|0|87089300|70|PC|147,85|6,00|887,10|0,00||0,00|0,00|0,00||
|H030|0|11053630000140|0|40169300|71|PC|17,26|2,00|34,52|0,00||0,00|0,00|0,00||
|H030|0|11053630000140|0|40169300|72|PC|5,02|5,00|25,10|0,00||0,00|0,00|0,00||
|H030|0|11053630000140|0|84821010|75|PC|47,28|1,00|47,28|0,00||0,00|0,00|0,00||
|H030|0|11053630000140|0|84821010|76|PC|34,99|2,00|69,98|0,00||0,00|0,00|0,00||
|H030|0|11053630000140|0|85365090|81|PC|0,00|1,00|0,00|0,00||0,00|0,00|0,00||
|H030|0|11053630000140|0|84822010|82|PC|138,28|2,00|276,56|0,00||0,00|0,00|0,00||
|H030|0|11053630000140|0|40169300|83|PC|1,65|95,00|156,75|0,00||0,00|0,00|0,00||
|H030|0|11053630000140|0|84822010|84|PC|0,00|1,00|0,00|0,00||0,00|0,00|0,00||
|H030|0|11053630000140|0|87089990|85|PC|62,06|2,00|124,12|0,00||0,00|0,00|0,00||
|H030|0|11053630000140|0|84821010|86|PC|34,93|2,00|69,86|0,00||0,00|0,00|0,00||
|H030|0|11053630000140|0|84818099|87|PC|25,25|15,00|378,75|0,00||0,00|0,00|0,00||
|H030|0|11053630000140|0|84249010|89|PC|0,00|1,00|0,00|0,00||0,00|0,00|0,00||
|H030|0|11053630000140|0|84249090|90|PC|1,32|16,00|21,12|0,00||0,00|0,00|0,00||
|H030|0|11053630000140|0|84824000|91|PC|6,30|6,00|37,82|0,00||0,00|0,00|0,00||
|H030|0|11053630000140|0|84249090|92|PC|137,62|4,00|550,48|0,00||0,00|0,00|0,00||
|H030|0|11053630000140|0|84824000|94|PC|17,67|1,00|17,67|0,00||0,00|0,00|0,00||
|H030|0|11053630000140|0|73202010|95|PC|15,04|1,00|15,04|0,00||0,00|0,00|0,00||
|H030|0|11053630000140|0|40169300|100|PC|7,27|10,00|72,70|0,00||0,00|0,00|0,00||
|H030|0|11053630000140|0|84821010|101|PC|9,03|11,00|99,33|0,00||0,00|0,00|0,00||
|H030|0|11053630000140|0|84822010|102|PC|113,61|2,00|227,22|0,00||0,00|0,00|0,00||
|H030|0|11053630000140|0|84822010|104|PC|28,15|8,00|225,20|0,00||0,00|0,00|0,00||
|H030|0|11053630000140|0|87089990|106|PC|22,89|3,00|68,67|0,00||0,00|0,00|0,00||
|H030|0|11053630000140|0|87089990|110|PC|54,13|3,00|162,39|0,00||0,00|0,00|0,00||
|H030|0|11053630000140|0|84822010|112|PC|52,34|11,00|575,74|0,00||0,00|0,00|0,00||
|H030|0|11053630000140|0|87089990|113|PC|17,18|5,00|85,90|0,00||0,00|0,00|0,00||
|H030|0|11053630000140|0|87089990|115|PC|26,23|4,00|104,92|0,00||0,00|0,00|0,00||
|H030|0|11053630000140|0|73170020|117|PC|0,00|10,00|0,00|0,00||0,00|0,00|0,00||
|H030|0|11053630000140|0|84822010|118|PC|99,87|2,00|199,74|0,00||0,00|0,00|0,00||
|H030|0|11053630000140|0|39269090|120|PC|0,68|10,00|6,80|0,00||0,00|0,00|0,00||
|H030|0|11053630000140|0|87089990|122|PC|40,32|2,00|80,64|0,00||0,00|0,00|0,00||
|H030|0|11053630000140|0|68159990|125|PC|0,36|9,00|3,24|0,00||0,00|0,00|0,00||
|H030|0|11053630000140|0|87089990|126|PC|17,76|1,00|17,76|0,00||0,00|0,00|0,00||
|H030|0|11053630000140|0|84821010|127|PC|5,05|6,00|30,30|0,00||0,00|0,00|0,00||
|H030|0|11053630000140|0|84818099|128|PC|13,02|9,00|117,18|0,00||0,00|0,00|0,00||
|H030|0|11053630000140|0|87089990|129|PC|90,71|2,00|181,42|0,00||0,00|0,00|0,00||
|H030|0|11053630000140|0|84249010|130|PC|1,07|4,00|4,28|0,00||0,00|0,00|0,00||
|H030|0|11053630000140|0|84822010|131|PC|46,07|9,00|414,63|0,00||0,00|0,00|0,00||
|H030|0|11053630000140|0|40169300|132|PC|0,00|8,00|0,00|0,00||0,00|0,00|0,00||
|H030|0|11053630000140|0|87089990|133|PC|113,47|1,00|113,47|0,00||0,00|0,00|0,00||
|H030|0|11053630000140|0|84822010|134|PC|32,08|9,00|288,72|0,00||0,00|0,00|0,00||
|H030|0|11053630000140|0|84139190|135|PC|154,88|1,00|154,88|0,00||0,00|0,00|0,00||
|H030|0|11053630000140|0|87089990|136|PC|113,47|1,00|113,47|0,00||0,00|0,00|0,00||
|H030|0|11053630000140|0|84822010|137|PC|33,12|10,00|331,20|0,00||0,00|0,00|0,00||
|H030|0|11053630000140|0|87089990|139|PC|123,05|1,00|123,05|0,00||0,00|0,00|0,00||
|H030|0|11053630000140|0|84822010|140|PC|55,55|5,00|277,75|0,00||0,00|0,00|0,00||
|H030|0|11053630000140|0|84822010|143|PC|38,48|8,00|307,84|0,00||0,00|0,00|0,00||
|H030|0|11053630000140|0|73182900|144|PC|0,94|9,00|8,46|0,00||0,00|0,00|0,00||
|H030|0|11053630000140|0|87089990|145|PC|201,10|1,00|201,10|0,00||0,00|0,00|0,00||
|H030|0|11053630000140|0|73182200|146|PC|0,88|4,00|3,52|0,00||0,00|0,00|0,00||
|H030|0|11053630000140|0|84822010|147|PC|183,61|2,00|367,22|0,00||0,00|0,00|0,00||
|H030|0|11053630000140|0|87089990|148|PC|240,76|3,00|722,28|0,00||0,00|0,00|0,00||
|H030|0|11053630000140|0|84822010|149|PC|0,00|1,00|0,00|0,00||0,00|0,00|0,00||
|H030|0|11053630000140|0|84249010|150|PC|10,13|4,00|40,52|0,00||0,00|0,00|0,00||
|H030|0|11053630000140|0|87089990|151|PC|11,08|5,00|55,40|0,00||0,00|0,00|0,00||
|H030|0|11053630000140|0|87089990|157|PC|127,29|2,00|254,58|0,00||0,00|0,00|0,00||
|H030|0|11053630000140|0|87089990|158|PC|44,19|1,00|44,19|0,00||0,00|0,00|0,00||
|H030|0|11053630000140|0|84314390|159|PC|13,40|3,00|40,20|0,00||0,00|0,00|0,00||
|H030|0|11053630000140|0|87089990|162|PC|70,19|3,00|210,57|0,00||0,00|0,00|0,00||
|H030|0|11053630000140|0|87089990|163|PC|401,20|2,00|802,40|0,00||0,00|0,00|0,00||
|H030|0|11053630000140|0|84329000|176|PC|127,12|13,00|1652,53|0,00||0,00|0,00|0,00||
|H030|0|11053630000140|0|84329000|177|PC|148,10|16,00|2369,60|0,00||0,00|0,00|0,00||
|H030|0|11053630000140|0|84329000|178|PC|141,14|2,00|282,28|0,00||0,00|0,00|0,00||
|H030|0|11053630000140|0|84329000|179|PC|48,85|4,00|195,40|0,00||0,00|0,00|0,00||
|H030|0|11053630000140|0|27101932|180|BD|354,06|2,00|708,12|0,00||0,00|0,00|0,00||
|H030|0|11053630000140|0|84329000|181|PC|19,28|10,00|192,80|0,00||0,00|0,00|0,00||
|H030|0|11053630000140|0|27101932|183|GL|107,50|7,00|752,50|0,00||0,00|0,00|0,00||
|H030|0|11053630000140|0|84329000|184|PC|11,38|30,00|341,40|0,00||0,00|0,00|0,00||
|H030|0|11053630000140|0|84329000|185|PC|147,00|5,00|735,00|0,00||0,00|0,00|0,00||
|H030|0|11053630000140|0|27101932|190|BD|267,86|1,00|267,86|0,00||0,00|0,00|0,00||
|H030|0|11053630000140|0|84819090|198|PC|0,64|1,00|0,64|0,00||0,00|0,00|0,00||
|H030|0|11053630000140|0|73181600|199|PC|0,06|34,00|2,04|0,00||0,00|0,00|0,00||
|H030|0|11053630000140|0|87089300|200|PC|0,00|3,00|0,00|0,00||0,00|0,00|0,00||
|H030|0|11053630000140|0|39269090|201|PC|3,89|30,00|116,70|0,00||0,00|0,00|0,00||
|H030|0|11053630000140|0|40169300|205|PC|0,00|3,00|0,00|0,00||0,00|0,00|0,00||
|H030|0|11053630000140|0|84219999|207|PC|23,20|6,00|139,20|0,00||0,00|0,00|0,00||
|H030|0|11053630000140|0|84829190|209|PC|0,23|20,00|4,60|0,00||0,00|0,00|0,00||
|H030|0|11053630000140|0|73209000|210|PC|0,00|5,00|0,00|0,00||0,00|0,00|0,00||
|H030|0|11053630000140|0|84219999|214|PC|57,58|1,00|57,58|0,00||0,00|0,00|0,00||
|H030|0|11053630000140|0|84212990|215|PC|7,27|9,00|65,43|0,00||0,00|0,00|0,00||
|H030|0|11053630000140|0|84814000|216|PC|64,58|7,00|452,07|0,00||0,00|0,00|0,00||
|H030|0|11053630000140|0|87085099|217|PC|24,05|11,00|264,58|0,00||0,00|0,00|0,00||
|H030|0|11053630000140|0|40169300|218|PC|14,79|4,00|59,16|0,00||0,00|0,00|0,00||
|H030|0|11053630000140|0|84818093|219|PC|0,00|6,00|0,00|0,00||0,00|0,00|0,00||
|H030|0|11053630000140|0|73202090|222|PC|0,00|6,00|0,00|0,00||0,00|0,00|0,00||
|H030|0|11053630000140|0|84839000|223|PC|33,11|4,00|132,44|0,00||0,00|0,00|0,00||
|H030|0|11053630000140|0|84839000|225|PC|29,92|5,00|149,59|0,00||0,00|0,00|0,00||
|H030|0|11053630000140|0|87085099|227|PC|17,04|12,00|204,44|0,00||0,00|0,00|0,00||
|H030|0|11053630000140|0|84839000|228|PC|25,92|4,00|103,68|0,00||0,00|0,00|0,00||
|H030|0|11053630000140|0|84249010|229|PC|21,92|4,00|87,68|0,00||0,00|0,00|0,00||
|H030|0|11053630000140|0|73069090|230|PC|29,70|7,00|207,87|0,00||0,00|0,00|0,00||
|H030|0|11053630000140|0|72155000|231|PC|55,48|6,00|332,88|0,00||0,00|0,00|0,00||
|H030|0|11053630000140|0|84839000|232|PC|42,79|4,00|171,16|0,00||0,00|0,00|0,00||
|H030|0|11053630000140|0|84839000|233|PC|0,00|2,00|0,00|0,00||0,00|0,00|0,00||
|H030|0|11053630000140|0|84219999|234|PC|33,85|2,00|67,70|0,00||0,00|0,00|0,00||
|H030|0|11053630000140|0|84839000|235|PC|24,81|6,00|148,86|0,00||0,00|0,00|0,00||
|H030|0|11053630000140|0|87089990|236|PC|0,00|1,00|0,00|0,00||0,00|0,00|0,00||
|H030|0|11053630000140|0|73182900|237|PC|3,89|40,00|155,60|0,00||0,00|0,00|0,00||
|H030|0|11053630000140|0|84219999|238|PC|25,06|2,00|50,12|0,00||0,00|0,00|0,00||
|H030|0|11053630000140|0|84839000|239|PC|24,04|2,00|48,08|0,00||0,00|0,00|0,00||
|H030|0|11053630000140|0|87089990|241|PC|0,00|2,00|0,00|0,00||0,00|0,00|0,00||
|H030|0|11053630000140|0|84822010|242|PC|0,00|1,00|0,00|0,00||0,00|0,00|0,00||
|H030|0|11053630000140|0|73182900|243|PC|0,53|9,00|4,77|0,00||0,00|0,00|0,00||
|H030|0|11053630000140|0|87089990|245|PC|0,00|4,00|0,00|0,00||0,00|0,00|0,00||
|H030|0|11053630000140|0|87085099|247|PC|22,61|11,00|248,71|0,00||0,00|0,00|0,00||
|H030|0|11053630000140|0|84839000|251|PC|27,30|3,00|81,90|0,00||0,00|0,00|0,00||
|H030|0|11053630000140|0|73069090|253|PC|40,49|4,00|161,96|0,00||0,00|0,00|0,00||
|H030|0|11053630000140|0|87089990|254|PC|0,00|1,00|0,00|0,00||0,00|0,00|0,00||
|H030|0|11053630000140|0|72155000|256|PC|96,48|3,00|289,44|0,00||0,00|0,00|0,00||
|H030|0|11053630000140|0|40169300|257|PC|0,00|2,00|0,00|0,00||0,00|0,00|0,00||
|H030|0|11053630000140|0|73182900|259|PC|4,13|17,00|70,21|0,00||0,00|0,00|0,00||
|H030|0|11053630000140|0|40169300|260|PC|2,83|1,00|2,83|0,00||0,00|0,00|0,00||
|H030|0|11053630000140|0|87089990|262|PC|0,00|1,00|0,00|0,00||0,00|0,00|0,00||
|H030|0|11053630000140|0|87089990|263|PC|49,89|3,00|149,67|0,00||0,00|0,00|0,00||
|H030|0|11053630000140|0|87085099|265|PC|140,29|2,00|280,58|0,00||0,00|0,00|0,00||
|H030|0|11053630000140|0|85365090|266|PC|66,34|7,00|464,38|0,00||0,00|0,00|0,00||
|H030|0|11053630000140|0|84839000|267|PC|23,02|6,00|138,10|0,00||0,00|0,00|0,00||
|H030|0|11053630000140|0|84833090|268|PC|17,50|4,00|70,00|0,00||0,00|0,00|0,00||
|H030|0|11053630000140|0|84839000|270|PC|22,42|5,00|112,10|0,00||0,00|0,00|0,00||
|H030|0|11053630000140|0|73182900|272|PC|0,00|2,00|0,00|0,00||0,00|0,00|0,00||
|H030|0|11053630000140|0|84839000|274|PC|14,12|4,00|56,48|0,00||0,00|0,00|0,00||
|H030|0|11053630000140|0|84833090|275|PC|9,67|5,00|48,35|0,00||0,00|0,00|0,00||
|H030|0|11053630000140|0|73069090|277|PC|20,69|5,00|103,46|0,00||0,00|0,00|0,00||
|H030|0|11053630000140|0|72155000|279|PC|32,75|4,00|131,00|0,00||0,00|0,00|0,00||
|H030|0|11053630000140|0|87089990|281|PC|258,73|2,00|517,46|0,00||0,00|0,00|0,00||
|H030|0|11053630000140|0|84839000|282|PC|12,93|4,00|51,72|0,00||0,00|0,00|0,00||
|H030|0|11053630000140|0|40169300|283|PC|1,00|30,00|30,00|0,00||0,00|0,00|0,00||
|H030|0|11053630000140|0|84839000|284|PC|28,88|2,00|57,76|0,00||0,00|0,00|0,00||
|H030|0|11053630000140|0|73182900|285|PC|32,95|4,00|131,80|0,00||0,00|0,00|0,00||
|H030|0|11053630000140|0|87089990|286|PC|8,09|10,00|80,90|0,00||0,00|0,00|0,00||
|H030|0|11053630000140|0|73069090|287|PC|54,70|1,00|54,70|0,00||0,00|0,00|0,00||
|H030|0|11053630000140|0|87084090|288|PC|139,57|3,00|418,71|0,00||0,00|0,00|0,00||
|H030|0|11053630000140|0|73069090|290|PC|55,68|2,00|111,36|0,00||0,00|0,00|0,00||
|H030|0|11053630000140|0|87089990|291|PC|0,00|1,00|0,00|0,00||0,00|0,00|0,00||
|H030|0|11053630000140|0|84825010|292|PC|55,62|11,00|611,81|0,00||0,00|0,00|0,00||
|H030|0|11053630000140|0|87089990|293|PC|0,00|1,00|0,00|0,00||0,00|0,00|0,00||
|H030|0|11053630000140|0|84839000|294|PC|24,43|2,00|48,86|0,00||0,00|0,00|0,00||
|H030|0|11053630000140|0|73182900|295|PC|11,36|34,00|386,24|0,00||0,00|0,00|0,00||
|H030|0|11053630000140|0|84839000|297|PC|31,08|2,00|62,16|0,00||0,00|0,00|0,00||
|H030|0|11053630000140|0|73182900|298|PC|5,22|24,00|125,28|0,00||0,00|0,00|0,00||
|H030|0|11053630000140|0|87085099|300|PC|19,45|2,00|38,90|0,00||0,00|0,00|0,00||
|H030|0|11053630000140|0|87089990|302|PC|16,33|5,00|81,65|0,00||0,00|0,00|0,00||
|H030|0|11053630000140|0|84839000|303|PC|15,71|2,00|31,42|0,00||0,00|0,00|0,00||
|H030|0|11053630000140|0|84833090|304|PC|83,91|2,00|167,82|0,00||0,00|0,00|0,00||
|H030|0|11053630000140|0|40169300|305|PC|0,00|8,00|0,00|0,00||0,00|0,00|0,00||
|H030|0|11053630000140|0|40169300|306|PC|15,74|5,00|78,70|0,00||0,00|0,00|0,00||
|H030|0|11053630000140|0|73069090|307|PC|36,75|2,00|73,50|0,00||0,00|0,00|0,00||
|H030|0|11053630000140|0|73182400|308|PC|2,31|4,00|9,24|0,00||0,00|0,00|0,00||
|H030|0|11053630000140|0|73069090|310|PC|34,15|2,00|68,30|0,00||0,00|0,00|0,00||
|H030|0|11053630000140|0|84839000|314|PC|22,43|2,00|44,86|0,00||0,00|0,00|0,00||
|H030|0|11053630000140|0|73182900|317|PC|0,00|10,00|0,00|0,00||0,00|0,00|0,00||
|H030|0|11053630000140|0|84136011|319|PC|238,19|1,00|238,19|0,00||0,00|0,00|0,00||
|H030|0|11053630000140|0|84212990|320|PC|88,01|10,00|880,14|0,00||0,00|0,00|0,00||
|H030|0|11053630000140|0|84818096|322|PC|81,85|4,00|327,40|0,00||0,00|0,00|0,00||
|H030|0|11053630000140|0|73182900|323|PC|0,46|10,00|4,60|0,00||0,00|0,00|0,00||
|H030|0|11053630000140|0|84249010|324|PC|7,83|2,00|15,66|0,00||0,00|0,00|0,00||
|H030|0|11053630000140|0|73182900|325|PC|0,56|10,00|5,60|0,00||0,00|0,00|0,00||
|H030|0|11053630000140|0|40169300|326|PC|1,03|90,00|92,70|0,00||0,00|0,00|0,00||
|H030|0|11053630000140|0|84819090|328|PC|20,17|4,00|80,68|0,00||0,00|0,00|0,00||
|H030|0|11053630000140|0|84329000|329|PC|40,73|8,00|325,84|0,00||0,00|0,00|0,00||
|H030|0|11053630000140|0|84819090|332|PC|14,89|2,00|29,78|0,00||0,00|0,00|0,00||
|H030|0|11053630000140|0|84819090|334|PC|5,52|3,00|16,56|0,00||0,00|0,00|0,00||
|H030|0|11053630000140|0|39269090|336|PC|0,39|10,00|3,90|0,00||0,00|0,00|0,00||
|H030|0|11053630000140|0|87089990|339|PC|7,55|8,00|60,40|0,00||0,00|0,00|0,00||
|H030|0|11053630000140|0|84819090|340|PC|14,25|1,00|14,25|0,00||0,00|0,00|0,00||
|H030|0|11053630000140|0|84133090|341|PC|184,69|1,00|184,69|0,00||0,00|0,00|0,00||
|H030|0|11053630000140|0|84819090|344|PC|0,00|1,00|0,00|0,00||0,00|0,00|0,00||
|H030|0|11053630000140|0|87082919|346|PC|35,43|1,00|35,43|0,00||0,00|0,00|0,00||
|H030|0|11053630000140|0|40091100|347|PC|8,26|5,00|41,30|0,00||0,00|0,00|0,00||
|H030|0|11053630000140|0|40169300|348|PC|4,16|41,00|170,56|0,00||0,00|0,00|0,00||
|H030|0|11053630000140|0|87089990|349|PC|9,23|3,00|27,69|0,00||0,00|0,00|0,00||
|H030|0|11053630000140|0|84819090|350|PC|1,82|13,00|23,66|0,00||0,00|0,00|0,00||
|H030|0|11053630000140|0|84133090|353|PC|220,44|1,00|220,44|0,00||0,00|0,00|0,00||
|H030|0|11053630000140|0|40169300|355|PC|0,15|42,00|6,30|0,00||0,00|0,00|0,00||
|H030|0|11053630000140|0|84219999|360|PC|0,00|1,00|0,00|0,00||0,00|0,00|0,00||
|H030|0|11053630000140|0|40169300|361|PC|28,51|10,00|285,10|0,00||0,00|0,00|0,00||
|H030|0|11053630000140|0|84818092|362|PC|64,47|5,00|322,35|0,00||0,00|0,00|0,00||
|H030|0|11053630000140|0|84133020|365|PC|139,31|1,00|139,31|0,00||0,00|0,00|0,00||
|H030|0|11053630000140|0|84212990|367|PC|58,09|1,00|58,09|0,00||0,00|0,00|0,00||
|H030|0|11053630000140|0|84133090|368|PC|79,87|2,00|159,74|0,00||0,00|0,00|0,00||
|H030|0|11053630000140|0|40169300|369|PC|0,12|14,00|1,68|0,00||0,00|0,00|0,00||
|H030|0|11053630000140|0|84212990|370|PC|25,52|5,00|127,60|0,00||0,00|0,00|0,00||
|H030|0|11053630000140|0|40169300|372|PC|0,12|14,00|1,68|0,00||0,00|0,00|0,00||
|H030|0|11053630000140|0|84834010|373|PC|29,04|5,00|145,20|0,00||0,00|0,00|0,00||
|H030|0|11053630000140|0|40169300|376|PC|2,68|10,00|26,80|0,00||0,00|0,00|0,00||
|H030|0|11053630000140|0|87084090|377|PC|917,22|1,00|917,22|0,00||0,00|0,00|0,00||
|H030|0|11053630000140|0|40169300|379|PC|0,07|38,00|2,66|0,00||0,00|0,00|0,00||
|H030|0|11053630000140|0|74122000|380|PC|15,13|7,00|105,91|0,00||0,00|0,00|0,00||
|H030|0|11053630000140|0|87089412|382|PC|185,91|3,00|557,73|0,00||0,00|0,00|0,00||
|H030|0|11053630000140|0|87089990|384|PC|43,37|5,00|216,85|0,00||0,00|0,00|0,00||
|H030|0|11053630000140|0|85118020|387|PC|75,00|2,00|150,00|0,00||0,00|0,00|0,00||
|H030|0|11053630000140|0|73181600|388|PC|9,18|21,00|192,78|0,00||0,00|0,00|0,00||
|H030|0|11053630000140|0|73182400|389|PC|14,05|2,00|28,10|0,00||0,00|0,00|0,00||
|H030|0|11053630000140|0|87089990|390|PC|67,59|2,00|135,18|0,00||0,00|0,00|0,00||
|H030|0|11053630000140|0|73202090|392|PC|55,82|2,00|111,64|0,00||0,00|0,00|0,00||
|H030|0|11053630000140|0|87083011|393|PC|43,72|22,00|961,84|0,00||0,00|0,00|0,00||
|H030|0|11053630000140|0|87089990|394|PC|178,65|1,00|178,65|0,00||0,00|0,00|0,00||
|H030|0|11053630000140|0|87084090|396|PC|66,24|1,00|66,24|0,00||0,00|0,00|0,00||
|H030|0|11053630000140|0|87089300|398|PC|106,41|1,00|106,41|0,00||0,00|0,00|0,00||
|H030|0|11053630000140|0|84219999|399|PC|0,00|1,00|0,00|0,00||0,00|0,00|0,00||
|H030|0|11053630000140|0|87089990|400|PC|6,71|2,00|13,42|0,00||0,00|0,00|0,00||
|H030|0|11053630000140|0|87089990|401|PC|140,62|1,00|140,62|0,00||0,00|0,00|0,00||
|H030|0|11053630000140|0|90262010|402|PC|37,96|2,00|75,92|0,00||0,00|0,00|0,00||
|H030|0|11053630000140|0|87089990|406|PC|253,18|2,00|506,36|0,00||0,00|0,00|0,00||
|H030|0|11053630000140|0|87089990|407|PC|376,79|1,00|376,79|0,00||0,00|0,00|0,00||
|H030|0|11053630000140|0|73182900|416|PC|0,59|6,00|3,54|0,00||0,00|0,00|0,00||
|H030|0|11053630000140|0|87087090|422|PC|165,70|2,00|331,40|0,00||0,00|0,00|0,00||
|H030|0|11053630000140|0|73182200|423|PC|7,08|4,00|28,32|0,00||0,00|0,00|0,00||
|H030|0|11053630000140|0|87084019|424|PC|190,18|3,00|570,54|0,00||0,00|0,00|0,00||
|H030|0|11053630000140|0|84829190|427|PC|0,22|154,00|33,88|0,00||0,00|0,00|0,00||
|H030|0|11053630000140|0|87089300|428|PC|226,38|5,00|1131,90|0,00||0,00|0,00|0,00||
|H030|0|11053630000140|0|87089300|429|PC|104,97|4,00|419,88|0,00||0,00|0,00|0,00||
|H030|0|11053630000140|0|87089990|432|PC|237,98|1,00|237,98|0,00||0,00|0,00|0,00||
|H030|0|11053630000140|0|87089990|433|PC|153,49|2,00|306,98|0,00||0,00|0,00|0,00||
|H030|0|11053630000140|0|74152100|434|PC|10,98|2,00|21,96|0,00||0,00|0,00|0,00||
|H030|0|11053630000140|0|73182200|435|PC|1,42|1,00|1,42|0,00||0,00|0,00|0,00||
|H030|0|11053630000140|0|73182200|436|PC|15,01|4,00|60,04|0,00||0,00|0,00|0,00||
|H030|0|11053630000140|0|84814000|440|PC|0,00|10,00|0,00|0,00||0,00|0,00|0,00||
|H030|0|11053630000140|0|84139190|441|PC|0,00|4,00|0,00|0,00||0,00|0,00|0,00||
|H030|0|11053630000140|0|84139190|442|PC|78,72|2,00|157,44|0,00||0,00|0,00|0,00||
|H030|0|11053630000140|0|84139190|443|PC|86,21|6,00|517,26|0,00||0,00|0,00|0,00||
|H030|0|11053630000140|0|87089990|444|PC|82,75|5,00|413,75|0,00||0,00|0,00|0,00||
|H030|0|11053630000140|0|87089990|445|PC|85,11|5,00|425,55|0,00||0,00|0,00|0,00||
|H030|0|11053630000140|0|84314929|446|PC|1,87|32,00|59,84|0,00||0,00|0,00|0,00||
|H030|0|11053630000140|0|40169300|448|PC|19,40|18,00|349,22|0,00||0,00|0,00|0,00||
|H030|0|11053630000140|0|87089300|451|PC|1548,57|1,00|1548,57|0,00||0,00|0,00|0,00||
|H030|0|11053630000140|0|87089300|453|PC|193,67|5,00|968,35|0,00||0,00|0,00|0,00||
|H030|0|11053630000140|0|87089300|456|PC|238,35|2,00|476,70|0,00||0,00|0,00|0,00||
|H030|0|11053630000140|0|84842000|458|PC|0,32|13,00|4,16|0,00||0,00|0,00|0,00||
|H030|0|11053630000140|0|45049000|461|PC|1,28|5,00|6,40|0,00||0,00|0,00|0,00||
|H030|0|11053630000140|0|85122011|462|PC|24,95|6,00|149,70|0,00||0,00|0,00|0,00||
|H030|0|11053630000140|0|45049000|463|PC|2,62|13,00|34,06|0,00||0,00|0,00|0,00||
|H030|0|11053630000140|0|85122011|464|PC|68,58|1,00|68,58|0,00||0,00|0,00|0,00||
|H030|0|11053630000140|0|85122011|465|PC|64,25|2,00|128,50|0,00||0,00|0,00|0,00||
|H030|0|11053630000140|0|85122011|466|PC|35,90|1,00|35,90|0,00||0,00|0,00|0,00||
|H030|0|11053630000140|0|87089990|467|PC|16,65|2,00|33,30|0,00||0,00|0,00|0,00||
|H030|0|11053630000140|0|84219999|468|PC|24,35|5,00|121,75|0,00||0,00|0,00|0,00||
|H030|0|11053630000140|0|84819090|470|PC|41,55|4,00|166,20|0,00||0,00|0,00|0,00||
|H030|0|11053630000140|0|84219999|471|PC|21,72|6,00|130,32|0,00||0,00|0,00|0,00||
|H030|0|11053630000140|0|73182400|472|PC|0,38|17,00|6,46|0,00||0,00|0,00|0,00||
|H030|0|11053630000140|0|84219999|473|PC|8,58|3,00|25,74|0,00||0,00|0,00|0,00||
|H030|0|11053630000140|0|73182400|474|PC|0,58|2,00|1,16|0,00||0,00|0,00|0,00||
|H030|0|11053630000140|0|73182400|475|PC|0,21|60,00|12,60|0,00||0,00|0,00|0,00||
|H030|0|11053630000140|0|84819090|476|PC|36,88|6,00|221,28|0,00||0,00|0,00|0,00||
|H030|0|11053630000140|0|73182900|478|PC|0,38|34,00|12,92|0,00||0,00|0,00|0,00||
|H030|0|11053630000140|0|73182400|479|PC|0,59|4,00|2,36|0,00||0,00|0,00|0,00||
|H030|0|11053630000140|0|84879000|480|PC|0,42|125,00|52,25|0,00||0,00|0,00|0,00||
|H030|0|11053630000140|0|39269090|483|PC|9,80|1,00|9,80|0,00||0,00|0,00|0,00||
|H030|0|11053630000140|0|87089990|486|PC|0,00|2,00|0,00|0,00||0,00|0,00|0,00||
|H030|0|11053630000140|0|40103100|487|PC|12,35|1,00|12,35|0,00||0,00|0,00|0,00||
|H030|0|11053630000140|0|90292010|489|PC|47,98|1,00|47,98|0,00||0,00|0,00|0,00||
|H030|0|11053630000140|0|84249010|490|PC|0,00|4,00|0,00|0,00||0,00|0,00|0,00||
|H030|0|11053630000140|0|40103100|491|PC|12,39|10,00|123,90|0,00||0,00|0,00|0,00||
|H030|0|11053630000140|0|90303990|492|PC|0,00|2,00|0,00|0,00||0,00|0,00|0,00||
|H030|0|11053630000140|0|40169300|493|PC|7,87|11,00|86,57|0,00||0,00|0,00|0,00||
|H030|0|11053630000140|0|40103100|494|PC|15,38|2,00|30,76|0,00||0,00|0,00|0,00||
|H030|0|11053630000140|0|85365090|495|PC|29,47|2,00|58,94|0,00||0,00|0,00|0,00||
|H030|0|11053630000140|0|85365090|496|PC|27,85|3,00|83,55|0,00||0,00|0,00|0,00||
|H030|0|11053630000140|0|40103900|497|PC|0,00|1,00|0,00|0,00||0,00|0,00|0,00||
|H030|0|11053630000140|0|85365090|498|PC|25,20|3,00|75,60|0,00||0,00|0,00|0,00||
|H030|0|11053630000140|0|73269090|499|PC|1,34|3,00|4,02|0,00||0,00|0,00|0,00||
|H030|0|11053630000140|0|84314929|500|PC|8,49|3,00|25,47|0,00||0,00|0,00|0,00||
|H030|0|11053630000140|0|87085099|501|PC|26,75|1,00|26,75|0,00||0,00|0,00|0,00||
|H030|0|11053630000140|0|84139190|502|PC|80,32|2,00|160,64|0,00||0,00|0,00|0,00||
|H030|0|11053630000140|0|84219999|503|PC|33,22|1,00|33,22|0,00||0,00|0,00|0,00||
|H030|0|11053630000140|0|40169300|504|PC|18,68|6,00|112,08|0,00||0,00|0,00|0,00||
|H030|0|11053630000140|0|73181600|505|PC|0,00|50,00|0,00|0,00||0,00|0,00|0,00||
|H030|0|11053630000140|0|49089000|506|PC|0,00|3,00|0,00|0,00||0,00|0,00|0,00||
|H030|0|11053630000140|0|40169300|507|PC|2,23|5,00|11,15|0,00||0,00|0,00|0,00||
|H030|0|11053630000140|0|40169300|510|PC|16,53|2,00|33,06|0,00||0,00|0,00|0,00||
|H030|0|11053630000140|0|40169300|513|PC|0,00|6,00|0,00|0,00||0,00|0,00|0,00||
|H030|0|11053630000140|0|87089990|514|PC|174,16|1,00|174,16|0,00||0,00|0,00|0,00||
|H030|0|11053630000140|0|40169300|516|PC|2,36|22,00|51,98|0,00||0,00|0,00|0,00||
|H030|0|11053630000140|0|84819090|517|PC|7,48|8,00|59,84|0,00||0,00|0,00|0,00||
|H030|0|11053630000140|0|74122000|519|PC|25,34|5,00|126,70|0,00||0,00|0,00|0,00||
|H030|0|11053630000140|0|84219999|522|PC|27,86|15,00|417,90|0,00||0,00|0,00|0,00||
|H030|0|11053630000140|0|85365090|523|PC|0,00|2,00|0,00|0,00||0,00|0,00|0,00||
|H030|0|11053630000140|0|84219999|525|PC|17,51|3,00|52,53|0,00||0,00|0,00|0,00||
|H030|0|11053630000140|0|87089990|526|PC|3,58|3,00|10,74|0,00||0,00|0,00|0,00||
|H030|0|11053630000140|0|84212990|527|PC|12,43|7,00|87,01|0,00||0,00|0,00|0,00||
|H030|0|11053630000140|0|39174090|528|PC|1,67|6,00|10,02|0,00||0,00|0,00|0,00||
|H030|0|11053630000140|0|85122011|529|PC|49,31|1,00|49,31|0,00||0,00|0,00|0,00||
|H030|0|11053630000140|0|84139190|532|PC|81,03|1,00|81,03|0,00||0,00|0,00|0,00||
|H030|0|11053630000140|0|84219999|533|PC|9,75|5,00|48,75|0,00||0,00|0,00|0,00||
|H030|0|11053630000140|0|84212990|534|PC|11,55|4,00|46,20|0,00||0,00|0,00|0,00||
|H030|0|11053630000140|0|87089990|535|PC|94,23|2,00|188,46|0,00||0,00|0,00|0,00||
|H030|0|11053630000140|0|84249090|537|PC|0,00|9,00|0,00|0,00||0,00|0,00|0,00||
|H030|0|11053630000140|0|84212300|538|PC|12,94|9,00|116,46|0,00||0,00|0,00|0,00||
|H030|0|11053630000140|0|84212300|540|PC|28,00|4,00|112,00|0,00||0,00|0,00|0,00||
|H030|0|11053630000140|0|84249010|542|PC|0,00|1,00|0,00|0,00||0,00|0,00|0,00||
|H030|0|11053630000140|0|84249010|544|PC|1,81|6,00|10,86|0,00||0,00|0,00|0,00||
|H030|0|11053630000140|0|84219999|545|PC|26,50|1,00|26,50|0,00||0,00|0,00|0,00||
|H030|0|11053630000140|0|84818099|546|PC|24,16|2,00|48,32|0,00||0,00|0,00|0,00||
|H030|0|11053630000140|0|84219999|547|PC|39,11|4,00|156,44|0,00||0,00|0,00|0,00||
|H030|0|11053630000140|0|87089990|548|PC|42,32|4,00|169,28|0,00||0,00|0,00|0,00||
|H030|0|11053630000140|0|84139190|550|PC|207,68|1,00|207,68|0,00||0,00|0,00|0,00||
|H030|0|11053630000140|0|84219999|553|PC|30,29|4,00|121,16|0,00||0,00|0,00|0,00||
|H030|0|11053630000140|0|40169990|557|PC|4,00|4,00|16,00|0,00||0,00|0,00|0,00||
|H030|0|11053630000140|0|84219999|558|PC|30,51|6,00|183,06|0,00||0,00|0,00|0,00||
|H030|0|11053630000140|0|73182400|559|PC|0,10|31,00|3,10|0,00||0,00|0,00|0,00||
|H030|0|11053630000140|0|73182400|561|PC|0,76|79,00|60,04|0,00||0,00|0,00|0,00||
|H030|0|11053630000140|0|84219999|562|PC|0,00|1,00|0,00|0,00||0,00|0,00|0,00||
|H030|0|11053630000140|0|87089990|563|PC|11,74|4,00|46,96|0,00||0,00|0,00|0,00||
|H030|0|11053630000140|0|39269090|564|PC|0,52|8,00|4,16|0,00||0,00|0,00|0,00||
|H030|0|11053630000140|0|84219999|566|PC|0,00|1,00|0,00|0,00||0,00|0,00|0,00||
|H030|0|11053630000140|0|40169300|567|PC|0,46|20,00|9,20|0,00||0,00|0,00|0,00||
|H030|0|11053630000140|0|87089990|569|PC|70,47|1,00|70,47|0,00||0,00|0,00|0,00||
|H030|0|11053630000140|0|87089990|571|PC|79,70|6,00|478,20|0,00||0,00|0,00|0,00||
|H030|0|11053630000140|0|87089990|573|PC|0,00|1,00|0,00|0,00||0,00|0,00|0,00||
|H030|0|11053630000140|0|87089990|574|PC|29,84|2,00|59,68|0,00||0,00|0,00|0,00||
|H030|0|11053630000140|0|87089990|575|PC|7,60|3,00|22,80|0,00||0,00|0,00|0,00||
|H030|0|11053630000140|0|87084090|578|PC|0,00|2,00|0,00|0,00||0,00|0,00|0,00||
|H030|0|11053630000140|0|39269090|581|PC|1,09|13,00|14,17|0,00||0,00|0,00|0,00||
|H030|0|11053630000140|0|40169300|582|PC|2,54|16,00|40,64|0,00||0,00|0,00|0,00||
|H030|0|11053630000140|0|73182900|583|PC|2,86|20,00|57,20|0,00||0,00|0,00|0,00||
|H030|0|11053630000140|0|40169300|584|PC|0,00|22,00|0,00|0,00||0,00|0,00|0,00||
|H030|0|11053630000140|0|40169300|585|PC|1,87|10,00|18,70|0,00||0,00|0,00|0,00||
|H030|0|11053630000140|0|84818099|586|PC|4,43|9,00|39,87|0,00||0,00|0,00|0,00||
|H030|0|11053630000140|0|40169300|587|PC|1,83|1,00|1,83|0,00||0,00|0,00|0,00||
|H030|0|11053630000140|0|69099000|588|PC|95,87|3,00|287,61|0,00||0,00|0,00|0,00||
|H030|0|11053630000140|0|40169300|589|PC|1,92|18,00|34,50|0,00||0,00|0,00|0,00||
|H030|0|11053630000140|0|73261900|591|PC|0,00|6,00|0,00|0,00||0,00|0,00|0,00||
|H030|0|11053630000140|0|87089990|592|PC|2,43|5,00|12,15|0,00||0,00|0,00|0,00||
|H030|0|11053630000140|0|68129910|593|PC|9,23|9,00|83,07|0,00||0,00|0,00|0,00||
|H030|0|11053630000140|0|87083090|595|PC|49,06|4,00|196,24|0,00||0,00|0,00|0,00||
|H030|0|11053630000140|0|84219999|596|PC|23,02|3,00|69,06|0,00||0,00|0,00|0,00||
|H030|0|11053630000140|0|84219999|597|PC|2,83|2,00|5,66|0,00||0,00|0,00|0,00||
|H030|0|11053630000140|0|84879000|598|PC|1,63|10,00|16,30|0,00||0,00|0,00|0,00||
|H030|0|11053630000140|0|73261900|600|PC|0,00|3,00|0,00|0,00||0,00|0,00|0,00||
|H030|0|11053630000140|0|87087010|605|PC|89,42|3,00|268,26|0,00||0,00|0,00|0,00||
|H030|0|11053630000140|0|87089990|606|PC|0,00|1,00|0,00|0,00||0,00|0,00|0,00||
|H030|0|11053630000140|0|84139190|607|PC|151,04|1,00|151,04|0,00||0,00|0,00|0,00||
|H030|0|11053630000140|0|87087010|608|PC|87,18|3,00|261,54|0,00||0,00|0,00|0,00||
|H030|0|11053630000140|0|87089990|612|PC|0,00|2,00|0,00|0,00||0,00|0,00|0,00||
|H030|0|11053630000140|0|84821090|613|PC|0,00|1,00|0,00|0,00||0,00|0,00|0,00||
|H030|0|11053630000140|0|73181500|615|PC|4,11|31,00|127,41|0,00||0,00|0,00|0,00||
|H030|0|11053630000140|0|87089990|616|PC|15,56|17,00|264,52|0,00||0,00|0,00|0,00||
|H030|0|11053630000140|0|84249090|617|PC|0,00|17,00|0,00|0,00||0,00|0,00|0,00||
|H030|0|11053630000140|0|87089990|618|PC|0,00|1,00|0,00|0,00||0,00|0,00|0,00||
|H030|0|11053630000140|0|87089990|619|PC|13,15|12,00|157,80|0,00||0,00|0,00|0,00||
|H030|0|11053630000140|0|84833090|622|PC|10,38|8,00|83,04|0,00||0,00|0,00|0,00||
|H030|0|11053630000140|0|39174090|623|PC|2,85|8,00|22,80|0,00||0,00|0,00|0,00||
|H030|0|11053630000140|0|84249090|625|PC|2,66|3,00|7,98|0,00||0,00|0,00|0,00||
|H030|0|11053630000140|0|84249090|626|PC|3,84|7,00|26,88|0,00||0,00|0,00|0,00||
|H030|0|11053630000140|0|73181500|627|PC|0,00|14,00|0,00|0,00||0,00|0,00|0,00||
|H030|0|11053630000140|0|73181600|628|PC|0,00|10,00|0,00|0,00||0,00|0,00|0,00||
|H030|0|11053630000140|0|84818099|629|PC|29,35|12,00|352,20|0,00||0,00|0,00|0,00||
|H030|0|11053630000140|0|40169300|630|PC|0,00|10,00|0,00|0,00||0,00|0,00|0,00||
|H030|0|11053630000140|0|40169300|634|PC|0,00|2,00|0,00|0,00||0,00|0,00|0,00||
|H030|0|11053630000140|0|87089990|635|PC|29,40|1,00|29,40|0,00||0,00|0,00|0,00||
|H030|0|11053630000140|0|84825010|636|PC|83,97|1,00|83,97|0,00||0,00|0,00|0,00||
|H030|0|11053630000140|0|87089990|637|PC|8,66|11,00|95,26|0,00||0,00|0,00|0,00||
|H030|0|11053630000140|0|40169300|638|PC|3,65|4,00|14,60|0,00||0,00|0,00|0,00||
|H030|0|11053630000140|0|40169300|639|PC|0,11|95,00|10,45|0,00||0,00|0,00|0,00||
|H030|0|11053630000140|0|87089990|640|PC|7,71|12,00|92,52|0,00||0,00|0,00|0,00||
|H030|0|11053630000140|0|40169300|641|PC|0,96|6,00|5,76|0,00||0,00|0,00|0,00||
|H030|0|11053630000140|0|84139190|643|PC|50,81|3,00|152,43|0,00||0,00|0,00|0,00||
|H030|0|11053630000140|0|40169300|644|PC|2,05|3,00|6,15|0,00||0,00|0,00|0,00||
|H030|0|11053630000140|0|87089990|645|PC|19,99|5,00|99,95|0,00||0,00|0,00|0,00||
|H030|0|11053630000140|0|40169300|648|PC|0,83|1,00|0,83|0,00||0,00|0,00|0,00||
|H030|0|11053630000140|0|73182900|649|PC|1,90|3,00|5,70|0,00||0,00|0,00|0,00||
|H030|0|11053630000140|0|40169300|650|PC|0,99|5,00|4,95|0,00||0,00|0,00|0,00||
|H030|0|11053630000140|0|40169300|651|PC|0,36|7,00|2,52|0,00||0,00|0,00|0,00||
|H030|0|11053630000140|0|84821090|652|PC|57,28|1,00|57,28|0,00||0,00|0,00|0,00||
|H030|0|11053630000140|0|40169300|654|PC|0,87|14,00|12,18|0,00||0,00|0,00|0,00||
|H030|0|11053630000140|0|40169300|655|PC|0,36|4,00|1,44|0,00||0,00|0,00|0,00||
|H030|0|11053630000140|0|73182200|656|PC|2,23|7,00|15,61|0,00||0,00|0,00|0,00||
|H030|0|11053630000140|0|40169300|658|PC|0,00|19,00|0,00|0,00||0,00|0,00|0,00||
|H030|0|11053630000140|0|87082912|659|PC|114,94|1,00|114,94|0,00||0,00|0,00|0,00||
|H030|0|11053630000140|0|73182200|660|PC|0,08|96,00|7,68|0,00||0,00|0,00|0,00||
|H030|0|11053630000140|0|84314929|661|PC|6,01|2,00|12,02|0,00||0,00|0,00|0,00||
|H030|0|11053630000140|0|84821090|663|PC|18,90|8,00|151,20|0,00||0,00|0,00|0,00||
|H030|0|11053630000140|0|73182200|664|PC|0,95|7,00|6,65|0,00||0,00|0,00|0,00||
|H030|0|11053630000140|0|40169300|665|PC|1,81|5,00|9,05|0,00||0,00|0,00|0,00||
|H030|0|11053630000140|0|40169300|667|PC|0,79|83,00|65,57|0,00||0,00|0,00|0,00||
|H030|0|11053630000140|0|73182100|668|PC|0,17|65,00|11,05|0,00||0,00|0,00|0,00||
|H030|0|11053630000140|0|84822090|669|PC|92,13|3,00|276,39|0,00||0,00|0,00|0,00||
|H030|0|11053630000140|0|73182200|672|PC|2,93|6,00|17,58|0,00||0,00|0,00|0,00||
|H030|0|11053630000140|0|84819090|673|PC|42,52|1,00|42,52|0,00||0,00|0,00|0,00||
|H030|0|11053630000140|0|40169300|674|PC|2,08|12,00|24,96|0,00||0,00|0,00|0,00||
|H030|0|11053630000140|0|87089300|675|PC|52,20|1,00|52,20|0,00||0,00|0,00|0,00||
|H030|0|11053630000140|0|73182200|676|PC|0,00|8,00|0,00|0,00||0,00|0,00|0,00||
|H030|0|11053630000140|0|40169300|677|PC|2,51|6,00|15,06|0,00||0,00|0,00|0,00||
|H030|0|11053630000140|0|87089990|678|PC|3,97|5,00|19,85|0,00||0,00|0,00|0,00||
|H030|0|11053630000140|0|40169300|679|PC|0,15|19,00|2,85|0,00||0,00|0,00|0,00||
|H030|0|11053630000140|0|39269090|680|PC|6,96|18,00|125,28|0,00||0,00|0,00|0,00||
|H030|0|11053630000140|0|84822090|681|PC|16,33|3,00|48,99|0,00||0,00|0,00|0,00||
|H030|0|11053630000140|0|73182100|683|PC|0,05|52,00|2,60|0,00||0,00|0,00|0,00||
|H030|0|11053630000140|0|84821090|684|PC|69,15|1,00|69,15|0,00||0,00|0,00|0,00||
|H030|0|11053630000140|0|84249010|685|PC|12,22|4,00|48,88|0,00||0,00|0,00|0,00||
|H030|0|11053630000140|0|39269090|686|PC|9,71|10,00|97,10|0,00||0,00|0,00|0,00||
|H030|0|11053630000140|0|74152100|687|PC|0,00|8,00|0,00|0,00||0,00|0,00|0,00||
|H030|0|11053630000140|0|90259090|688|PC|16,88|2,00|33,76|0,00||0,00|0,00|0,00||
|H030|0|11053630000140|0|40169300|689|PC|4,64|5,00|23,20|0,00||0,00|0,00|0,00||
|H030|0|11053630000140|0|40169300|690|PC|0,43|43,00|18,49|0,00||0,00|0,00|0,00||
|H030|0|11053630000140|0|87089990|691|PC|0,00|1,00|0,00|0,00||0,00|0,00|0,00||
|H030|0|11053630000140|0|40103200|692|PC|18,87|27,00|509,49|0,00||0,00|0,00|0,00||
|H030|0|11053630000140|0|73182900|693|PC|5,46|2,00|10,92|0,00||0,00|0,00|0,00||
|H030|0|11053630000140|0|87084090|694|PC|0,00|1,00|0,00|0,00||0,00|0,00|0,00||
|H030|0|11053630000140|0|87089100|695|PC|3,65|4,00|14,61|0,00||0,00|0,00|0,00||
|H030|0|11053630000140|0|40169300|696|PC|0,41|49,00|20,09|0,00||0,00|0,00|0,00||
|H030|0|11053630000140|0|73202010|697|PC|3,12|10,00|31,20|0,00||0,00|0,00|0,00||
|H030|0|11053630000140|0|87089412|698|PC|43,18|4,00|172,72|0,00||0,00|0,00|0,00||
|H030|0|11053630000140|0|87089990|699|PC|7,61|3,00|22,83|0,00||0,00|0,00|0,00||
|H030|0|11053630000140|0|39174090|700|PC|1,61|11,00|17,71|0,00||0,00|0,00|0,00||
|H030|0|11053630000140|0|73182900|701|PC|3,46|11,00|38,06|0,00||0,00|0,00|0,00||
|H030|0|11053630000140|0|40169300|703|PC|5,99|8,00|47,92|0,00||0,00|0,00|0,00||
|H030|0|11053630000140|0|87089990|704|PC|0,00|4,00|0,00|0,00||0,00|0,00|0,00||
|H030|0|11053630000140|0|84249010|705|PC|83,44|5,00|417,20|0,00||0,00|0,00|0,00||
|H030|0|11053630000140|0|73182200|706|PC|100,14|4,00|400,56|0,00||0,00|0,00|0,00||
|H030|0|11053630000140|0|73170090|708|PC|6,11|7,00|42,77|0,00||0,00|0,00|0,00||
|H030|0|11053630000140|0|73182200|709|PC|2,90|5,00|14,50|0,00||0,00|0,00|0,00||
|H030|0|11053630000140|0|40169300|711|PC|0,00|3,00|0,00|0,00||0,00|0,00|0,00||
|H030|0|11053630000140|0|73261900|714|PC|0,00|2,00|0,00|0,00||0,00|0,00|0,00||
|H030|0|11053630000140|0|87089412|715|PC|50,65|5,00|253,25|0,00||0,00|0,00|0,00||
|H030|0|11053630000140|0|73182200|716|PC|58,98|1,00|58,98|0,00||0,00|0,00|0,00||
|H030|0|11053630000140|0|39269090|717|PC|0,30|165,00|49,50|0,00||0,00|0,00|0,00||
|H030|0|11053630000140|0|73182200|718|PC|0,20|171,00|34,20|0,00||0,00|0,00|0,00||
|H030|0|11053630000140|0|84835090|720|PC|73,27|1,00|73,27|0,00||0,00|0,00|0,00||
|H030|0|11053630000140|0|73182200|721|PC|0,42|8,00|3,36|0,00||0,00|0,00|0,00||
|H030|0|11053630000140|0|87089990|724|PC|21,10|1,00|21,10|0,00||0,00|0,00|0,00||
|H030|0|11053630000140|0|87089990|725|PC|0,00|4,00|0,00|0,00||0,00|0,00|0,00||
|H030|0|11053630000140|0|73182200|726|PC|8,66|10,00|86,60|0,00||0,00|0,00|0,00||
|H030|0|11053630000140|0|84249010|729|PC|0,00|1,00|0,00|0,00||0,00|0,00|0,00||
|H030|0|11053630000140|0|87089990|730|PC|29,41|2,00|58,82|0,00||0,00|0,00|0,00||
|H030|0|11053630000140|0|87089300|733|PC|218,39|1,00|218,39|0,00||0,00|0,00|0,00||
|H030|0|11053630000140|0|73182100|734|PC|0,94|17,00|15,98|0,00||0,00|0,00|0,00||
|H030|0|11053630000140|0|84812090|736|PC|17,94|4,00|71,77|0,00||0,00|0,00|0,00||
|H030|0|11053630000140|0|40169300|737|PC|0,00|2,00|0,00|0,00||0,00|0,00|0,00||
|H030|0|11053630000140|0|87089300|738|PC|13,44|2,00|26,88|0,00||0,00|0,00|0,00||
|H030|0|11053630000140|0|87089990|739|PC|57,97|1,00|57,97|0,00||0,00|0,00|0,00||
|H030|0|11053630000140|0|84813000|740|PC|87,51|2,00|175,02|0,00||0,00|0,00|0,00||
|H030|0|11053630000140|0|74122000|741|PC|46,03|1,00|46,03|0,00||0,00|0,00|0,00||
|H030|0|11053630000140|0|73181600|742|PC|0,51|35,00|17,85|0,00||0,00|0,00|0,00||
|H030|0|11053630000140|0|56022100|743|PC|2,90|28,00|81,28|0,00||0,00|0,00|0,00||
|H030|0|11053630000140|0|73181600|744|PC|0,25|7,00|1,75|0,00||0,00|0,00|0,00||
|H030|0|11053630000140|0|73181600|746|PC|1,39|3,00|4,17|0,00||0,00|0,00|0,00||
|H030|0|11053630000140|0|56022100|747|PC|1,82|26,00|47,32|0,00||0,00|0,00|0,00||
|H030|0|11053630000140|0|73182400|748|PC|0,00|6,00|0,00|0,00||0,00|0,00|0,00||
|H030|0|11053630000140|0|73181600|749|PC|1,20|14,00|16,80|0,00||0,00|0,00|0,00||
|H030|0|11053630000140|0|73181500|750|PC|12,16|16,00|194,56|0,00||0,00|0,00|0,00||
|H030|0|11053630000140|0|87089990|751|PC|414,21|1,00|414,21|0,00||0,00|0,00|0,00||
|H030|0|11053630000140|0|73181600|752|PC|0,68|78,00|53,04|0,00||0,00|0,00|0,00||
|H030|0|11053630000140|0|73181600|753|PC|1,43|36,00|51,48|0,00||0,00|0,00|0,00||
|H030|0|11053630000140|0|87089990|755|PC|3,78|10,00|37,80|0,00||0,00|0,00|0,00||
|H030|0|11053630000140|0|73181600|757|PC|1,39|70,00|97,30|0,00||0,00|0,00|0,00||
|H030|0|11053630000140|0|73181500|758|PC|1,11|28,00|31,08|0,00||0,00|0,00|0,00||
|H030|0|11053630000140|0|73181600|760|PC|0,49|30,00|14,70|0,00||0,00|0,00|0,00||
|H030|0|11053630000140|0|73181600|762|PC|3,12|6,00|18,72|0,00||0,00|0,00|0,00||
|H030|0|11053630000140|0|39269090|763|PC|1,25|10,00|12,50|0,00||0,00|0,00|0,00||
|H030|0|11053630000140|0|87089990|764|PC|14,87|1,00|14,87|0,00||0,00|0,00|0,00||
|H030|0|11053630000140|0|73181600|765|PC|0,47|6,00|2,82|0,00||0,00|0,00|0,00||
|H030|0|11053630000140|0|73181500|766|PC|0,37|5,00|1,85|0,00||0,00|0,00|0,00||
|H030|0|11053630000140|0|73181600|767|PC|3,76|75,00|282,00|0,00||0,00|0,00|0,00||
|H030|0|11053630000140|0|40169300|768|PC|1,78|8,00|14,24|0,00||0,00|0,00|0,00||
|H030|0|11053630000140|0|39174090|769|PC|6,96|8,00|55,71|0,00||0,00|0,00|0,00||
|H030|0|11053630000140|0|87089990|770|PC|5,47|8,00|43,76|0,00||0,00|0,00|0,00||
|H030|0|11053630000140|0|73181600|771|PC|0,63|48,00|30,24|0,00||0,00|0,00|0,00||
|H030|0|11053630000140|0|84219999|772|PC|216,57|2,00|433,14|0,00||0,00|0,00|0,00||
|H030|0|11053630000140|0|73181500|773|PC|0,34|12,00|4,08|0,00||0,00|0,00|0,00||
|H030|0|11053630000140|0|84824000|774|PC|27,10|1,00|27,10|0,00||0,00|0,00|0,00||
|H030|0|11053630000140|0|84219999|775|PC|63,15|4,00|252,59|0,00||0,00|0,00|0,00||
|H030|0|11053630000140|0|40169300|776|PC|0,00|2,00|0,00|0,00||0,00|0,00|0,00||
|H030|0|11053630000140|0|73181500|777|PC|0,00|15,00|0,00|0,00||0,00|0,00|0,00||
|H030|0|11053630000140|0|40169300|778|PC|0,03|20,00|0,60|0,00||0,00|0,00|0,00||
|H030|0|11053630000140|0|73181500|779|PC|3,73|2,00|7,46|0,00||0,00|0,00|0,00||
|H030|0|11053630000140|0|40169300|782|PC|51,85|2,00|103,70|0,00||0,00|0,00|0,00||
|H030|0|11053630000140|0|48239099|783|PC|1,56|26,00|40,66|0,00||0,00|0,00|0,00||
|H030|0|11053630000140|0|85122011|784|PC|20,54|4,00|82,16|0,00||0,00|0,00|0,00||
|H030|0|11053630000140|0|40169300|785|PC|89,72|6,00|538,32|0,00||0,00|0,00|0,00||
|H030|0|11053630000140|0|40169300|786|PC|31,66|2,00|63,32|0,00||0,00|0,00|0,00||
|H030|0|11053630000140|0|40169300|787|PC|0,00|2,00|0,00|0,00||0,00|0,00|0,00||
|H030|0|11053630000140|0|73181500|789|PC|0,43|4,00|1,72|0,00||0,00|0,00|0,00||
|H030|0|11053630000140|0|73181600|790|PC|0,00|3,00|0,00|0,00||0,00|0,00|0,00||
|H030|0|11053630000140|0|40082900|791|PC|16,97|3,00|50,91|0,00||0,00|0,00|0,00||
|H030|0|11053630000140|0|40169300|793|PC|36,33|2,00|72,66|0,00||0,00|0,00|0,00||
|H030|0|11053630000140|0|73181600|794|PC|0,00|9,00|0,00|0,00||0,00|0,00|0,00||
|H030|0|11053630000140|0|73181500|795|PC|0,83|22,00|18,26|0,00||0,00|0,00|0,00||
|H030|0|11053630000140|0|40169300|796|PC|0,00|1,00|0,00|0,00||0,00|0,00|0,00||
|H030|0|11053630000140|0|63109000|797|PC|0,00|4,00|0,00|0,00||0,00|0,00|0,00||
|H030|0|11053630000140|0|40169300|798|PC|51,70|2,00|103,40|0,00||0,00|0,00|0,00||
|H030|0|11053630000140|0|73181500|799|PC|2,57|31,00|79,67|0,00||0,00|0,00|0,00||
|H030|0|11053630000140|0|73181500|801|PC|4,71|60,00|282,60|0,00||0,00|0,00|0,00||
|H030|0|11053630000140|0|84249010|803|PC|16,00|3,00|48,00|0,00||0,00|0,00|0,00||
|H030|0|11053630000140|0|73181500|805|PC|5,19|22,00|114,18|0,00||0,00|0,00|0,00||
|H030|0|11053630000140|0|40093290|807|PC|0,00|1,00|0,00|0,00||0,00|0,00|0,00||
|H030|0|11053630000140|0|87089990|808|PC|348,92|1,00|348,92|0,00||0,00|0,00|0,00||
|H030|0|11053630000140|0|40169300|809|PC|15,48|15,00|232,20|0,00||0,00|0,00|0,00||
|H030|0|11053630000140|0|73181500|810|PC|3,07|22,00|67,54|0,00||0,00|0,00|0,00||
|H030|0|11053630000140|0|84139190|812|PC|237,86|1,00|237,86|0,00||0,00|0,00|0,00||
|H030|0|11053630000140|0|40169300|813|PC|13,51|12,00|162,12|0,00||0,00|0,00|0,00||
|H030|0|11053630000140|0|87089990|814|PC|757,20|1,00|757,20|0,00||0,00|0,00|0,00||
|H030|0|11053630000140|0|40169300|816|PC|5,01|5,00|25,05|0,00||0,00|0,00|0,00||
|H030|0|11053630000140|0|87089990|817|PC|824,19|1,00|824,19|0,00||0,00|0,00|0,00||
|H030|0|11053630000140|0|87089990|818|PC|0,00|1,00|0,00|0,00||0,00|0,00|0,00||
|H030|0|11053630000140|0|84139190|819|PC|0,00|2,00|0,00|0,00||0,00|0,00|0,00||
|H030|0|11053630000140|0|73181500|820|PC|2,77|46,00|127,42|0,00||0,00|0,00|0,00||
|H030|0|11053630000140|0|87084090|821|PC|0,00|1,00|0,00|0,00||0,00|0,00|0,00||
|H030|0|11053630000140|0|73181500|822|PC|0,00|26,00|0,00|0,00||0,00|0,00|0,00||
|H030|0|11053630000140|0|73181500|825|PC|4,19|6,00|25,14|0,00||0,00|0,00|0,00||
|H030|0|11053630000140|0|87089412|826|PC|116,94|4,00|467,76|0,00||0,00|0,00|0,00||
|H030|0|11053630000140|0|73181500|827|PC|3,01|61,00|183,61|0,00||0,00|0,00|0,00||
|H030|0|11053630000140|0|87089990|828|PC|0,00|1,00|0,00|0,00||0,00|0,00|0,00||
|H030|0|11053630000140|0|73202010|829|PC|1,17|3,00|3,51|0,00||0,00|0,00|0,00||
|H030|0|11053630000140|0|87089412|830|PC|150,83|1,00|150,83|0,00||0,00|0,00|0,00||
|H030|0|11053630000140|0|73181500|831|PC|6,73|3,00|20,19|0,00||0,00|0,00|0,00||
|H030|0|11053630000140|0|73202090|832|PC|0,00|4,00|0,00|0,00||0,00|0,00|0,00||
|H030|0|11053630000140|0|85122011|834|PC|62,05|3,00|186,15|0,00||0,00|0,00|0,00||
|H030|0|11053630000140|0|73202090|835|PC|0,81|8,00|6,48|0,00||0,00|0,00|0,00||
|H030|0|11053630000140|0|87089990|836|PC|4,47|4,00|17,88|0,00||0,00|0,00|0,00||
|H030|0|11053630000140|0|84219999|837|PC|46,80|2,00|93,60|0,00||0,00|0,00|0,00||
|H030|0|11053630000140|0|84212990|838|PC|29,43|1,00|29,43|0,00||0,00|0,00|0,00||
|H030|0|11053630000140|0|87089990|839|PC|0,00|1,00|0,00|0,00||0,00|0,00|0,00||
|H030|0|11053630000140|0|84219999|840|PC|34,96|4,00|139,84|0,00||0,00|0,00|0,00||
|H030|0|11053630000140|0|73202010|841|PC|1,05|11,00|11,55|0,00||0,00|0,00|0,00||
|H030|0|11053630000140|0|73181900|843|PC|5,49|2,00|10,98|0,00||0,00|0,00|0,00||
|H030|0|11053630000140|0|84329000|844|PC|25,66|3,00|76,98|0,00||0,00|0,00|0,00||
|H030|0|11053630000140|0|73181500|845|PC|6,07|3,00|18,21|0,00||0,00|0,00|0,00||
|H030|0|11053630000140|0|73209000|846|PC|1,56|10,00|15,60|0,00||0,00|0,00|0,00||
|H030|0|11053630000140|0|87087090|847|PC|309,26|1,00|309,26|0,00||0,00|0,00|0,00||
|H030|0|11053630000140|0|84139190|848|PC|7,65|1,00|7,65|0,00||0,00|0,00|0,00||
|H030|0|11053630000140|0|73181900|849|PC|3,31|4,00|13,24|0,00||0,00|0,00|0,00||
|H030|0|11053630000140|0|84814000|851|PC|72,31|1,00|72,31|0,00||0,00|0,00|0,00||
|H030|0|11053630000140|0|73181500|852|PC|4,91|7,00|34,37|0,00||0,00|0,00|0,00||
|H030|0|11053630000140|0|40169300|853|PC|4,20|4,00|16,80|0,00||0,00|0,00|0,00||
|H030|0|11053630000140|0|87089990|855|PC|0,00|3,00|0,00|0,00||0,00|0,00|0,00||
|H030|0|11053630000140|0|73209000|856|PC|0,44|12,00|5,28|0,00||0,00|0,00|0,00||
|H030|0|11053630000140|0|56022100|857|PC|2,19|5,00|10,95|0,00||0,00|0,00|0,00||
|H030|0|11053630000140|0|87082912|858|PC|73,30|1,00|73,30|0,00||0,00|0,00|0,00||
|H030|0|11053630000140|0|87089990|861|PC|13,26|27,00|358,02|0,00||0,00|0,00|0,00||
|H030|0|11053630000140|0|87082912|862|PC|105,34|2,00|210,68|0,00||0,00|0,00|0,00||
|H030|0|11053630000140|0|87089990|864|PC|13,07|4,00|52,28|0,00||0,00|0,00|0,00||
|H030|0|11053630000140|0|87089990|865|PC|18,57|2,00|37,14|0,00||0,00|0,00|0,00||
|H030|0|11053630000140|0|87089990|866|PC|33,25|2,00|66,50|0,00||0,00|0,00|0,00||
|H030|0|11053630000140|0|84879000|867|PC|0,63|85,00|53,55|0,00||0,00|0,00|0,00||
|H030|0|11053630000140|0|84139190|868|PC|1,44|1,00|1,44|0,00||0,00|0,00|0,00||
|H030|0|11053630000140|0|87087090|869|PC|21,56|3,00|64,68|0,00||0,00|0,00|0,00||
|H030|0|11053630000140|0|87089990|871|PC|4,08|12,00|48,96|0,00||0,00|0,00|0,00||
|H030|0|11053630000140|0|87085091|873|PC|283,07|1,00|283,07|0,00||0,00|0,00|0,00||
|H030|0|11053630000140|0|73182300|874|PC|1,60|14,00|22,40|0,00||0,00|0,00|0,00||
|H030|0|11053630000140|0|85365090|877|PC|39,10|2,00|78,20|0,00||0,00|0,00|0,00||
|H030|0|11053630000140|0|73181500|879|PC|0,00|11,00|0,00|0,00||0,00|0,00|0,00||
|H030|0|11053630000140|0|40169300|880|PC|0,00|1,00|0,00|0,00||0,00|0,00|0,00||
|H030|0|11053630000140|0|87089990|881|PC|31,34|2,00|62,68|0,00||0,00|0,00|0,00||
|H030|0|11053630000140|0|87089990|882|PC|32,20|3,00|96,60|0,00||0,00|0,00|0,00||
|H030|0|11053630000140|0|73181500|883|PC|2,14|7,00|14,98|0,00||0,00|0,00|0,00||
|H030|0|11053630000140|0|40169300|884|PC|0,00|4,00|0,00|0,00||0,00|0,00|0,00||
|H030|0|11053630000140|0|90292010|885|PC|751,60|1,00|751,60|0,00||0,00|0,00|0,00||
|H030|0|11053630000140|0|40169300|886|PC|56,70|2,00|113,40|0,00||0,00|0,00|0,00||
|H030|0|11053630000140|0|73181500|887|PC|0,90|10,00|9,00|0,00||0,00|0,00|0,00||
|H030|0|11053630000140|0|84136011|888|PC|620,76|1,00|620,76|0,00||0,00|0,00|0,00||
|H030|0|11053630000140|0|73182900|889|PC|0,00|4,00|0,00|0,00||0,00|0,00|0,00||
|H030|0|11053630000140|0|73181500|890|PC|2,44|3,00|7,32|0,00||0,00|0,00|0,00||
|H030|0|11053630000140|0|73182900|891|PC|0,00|2,00|0,00|0,00||0,00|0,00|0,00||
|H030|0|11053630000140|0|40169300|892|PC|28,50|2,00|57,00|0,00||0,00|0,00|0,00||
|H030|0|11053630000140|0|73182900|893|PC|0,00|2,00|0,00|0,00||0,00|0,00|0,00||
|H030|0|11053630000140|0|84821090|894|PC|307,02|2,00|614,04|0,00||0,00|0,00|0,00||
|H030|0|11053630000140|0|84136011|895|PC|582,78|1,00|582,78|0,00||0,00|0,00|0,00||
|H030|0|11053630000140|0|73182900|896|PC|4,18|2,00|8,36|0,00||0,00|0,00|0,00||
|H030|0|11053630000140|0|40169300|900|PC|3,71|3,00|11,13|0,00||0,00|0,00|0,00||
|H030|0|11053630000140|0|84314929|901|PC|14,69|6,00|88,14|0,00||0,00|0,00|0,00||
|H030|0|11053630000140|0|40169300|902|PC|12,28|1,00|12,28|0,00||0,00|0,00|0,00||
|H030|0|11053630000140|0|40169300|903|PC|26,68|3,00|80,04|0,00||0,00|0,00|0,00||
|H030|0|11053630000140|0|84821090|906|PC|75,42|3,00|226,26|0,00||0,00|0,00|0,00||
|H030|0|11053630000140|0|84822090|907|PC|0,00|1,00|0,00|0,00||0,00|0,00|0,00||
|H030|0|11053630000140|0|40169300|909|PC|6,66|7,00|46,62|0,00||0,00|0,00|0,00||
|H030|0|11053630000140|0|73181500|910|PC|0,91|12,00|10,92|0,00||0,00|0,00|0,00||
|H030|0|11053630000140|0|87089990|911|PC|195,01|1,00|195,01|0,00||0,00|0,00|0,00||
|H030|0|11053630000140|0|40169300|912|PC|32,94|6,00|197,64|0,00||0,00|0,00|0,00||
|H030|0|11053630000140|0|87089990|914|PC|6,34|15,00|95,10|0,00||0,00|0,00|0,00||
|H030|0|11053630000140|0|40169300|915|PC|0,00|4,00|0,00|0,00||0,00|0,00|0,00||
|H030|0|11053630000140|0|40169300|918|PC|150,88|3,00|452,64|0,00||0,00|0,00|0,00||
|H030|0|11053630000140|0|40169300|919|PC|25,40|3,00|76,20|0,00||0,00|0,00|0,00||
|H030|0|11053630000140|0|40169300|920|PC|6,75|7,00|47,25|0,00||0,00|0,00|0,00||
|H030|0|11053630000140|0|40169300|921|PC|14,31|4,00|57,24|0,00||0,00|0,00|0,00||
|H030|0|11053630000140|0|40169300|923|PC|31,40|3,00|94,20|0,00||0,00|0,00|0,00||
|H030|0|11053630000140|0|40169300|924|PC|88,36|4,00|353,44|0,00||0,00|0,00|0,00||
|H030|0|11053630000140|0|73181600|925|PC|0,10|32,00|3,20|0,00||0,00|0,00|0,00||
|H030|0|11053630000140|0|73181900|926|PC|0,00|6,00|0,00|0,00||0,00|0,00|0,00||
|H030|0|11053630000140|0|73181500|927|PC|0,00|1,00|0,00|0,00||0,00|0,00|0,00||
|H030|0|11053630000140|0|40169300|929|PC|12,57|5,00|62,85|0,00||0,00|0,00|0,00||
|H030|0|11053630000140|0|40169300|930|PC|31,56|5,00|157,80|0,00||0,00|0,00|0,00||
|H030|0|11053630000140|0|40169300|931|PC|4,15|2,00|8,30|0,00||0,00|0,00|0,00||
|H030|0|11053630000140|0|73181500|933|PC|2,41|14,00|33,74|0,00||0,00|0,00|0,00||
|H030|0|11053630000140|0|87084090|934|PC|0,00|1,00|0,00|0,00||0,00|0,00|0,00||
|H030|0|11053630000140|0|87089990|935|PC|0,00|1,00|0,00|0,00||0,00|0,00|0,00||
|H030|0|11053630000140|0|73181900|936|PC|16,37|1,00|16,37|0,00||0,00|0,00|0,00||
|H030|0|11053630000140|0|73182900|937|PC|2,40|6,00|14,40|0,00||0,00|0,00|0,00||
|H030|0|11053630000140|0|73182900|938|PC|0,16|16,00|2,56|0,00||0,00|0,00|0,00||
|H030|0|11053630000140|0|73181500|939|PC|0,51|5,00|2,55|0,00||0,00|0,00|0,00||
|H030|0|11053630000140|0|73182900|940|PC|0,73|16,00|11,68|0,00||0,00|0,00|0,00||
|H030|0|11053630000140|0|73182900|943|PC|6,53|7,00|45,68|0,00||0,00|0,00|0,00||
|H030|0|11053630000140|0|73181500|944|PC|0,29|11,00|3,19|0,00||0,00|0,00|0,00||
|H030|0|11053630000140|0|74152100|945|PC|0,00|2,00|0,00|0,00||0,00|0,00|0,00||
|H030|0|11053630000140|0|87089990|947|PC|52,55|1,00|52,55|0,00||0,00|0,00|0,00||
|H030|0|11053630000140|0|84329000|956|PC|10,53|76,00|800,28|0,00||0,00|0,00|0,00||
|H030|0|11053630000140|0|84322900|957|PC|8,92|83,00|740,36|0,00||0,00|0,00|0,00||
|H030|0|11053630000140|0|84322900|958|PC|14,39|103,00|1482,17|0,00||0,00|0,00|0,00||
|H030|0|11053630000140|0|84322900|959|PC|14,39|100,00|1439,00|0,00||0,00|0,00|0,00||
|H030|0|11053630000140|9|00853650|960|UN|0,00|1,00|0,00|0,00||0,00|0,00|0,00||
|H030|0|11053630000140|0|39173900|962|MT|6,22|183,00|1138,26|0,00||0,00|0,00|0,00||
|H030|0|11053630000140|0|39173900|963|MT|7,29|113,00|823,77|0,00||0,00|0,00|0,00||
|H030|0|11053630000140|0|87089300|964|PC|728,50|1,00|728,50|0,00||0,00|0,00|0,00||
|H030|0|11053630000140|0|27101932|966|GL|70,04|6,00|420,24|0,00||0,00|0,00|0,00||
|H030|0|11053630000140|0|27101932|967|L|16,91|26,00|439,66|0,00||0,00|0,00|0,00||
|H030|0|11053630000140|9|00853650|974|UN|0,00|1,00|0,00|0,00||0,00|0,00|0,00||
|H030|0|11053630000140|9|00853650|978|UN|0,00|1,00|0,00|0,00||0,00|0,00|0,00||
|H030|0|11053630000140|9|00853650|980|UN|0,00|1,00|0,00|0,00||0,00|0,00|0,00||
|H030|0|11053630000140|9|00853650|983|UN|0,00|1,00|0,00|0,00||0,00|0,00|0,00||
|H030|0|11053630000140|9|00853650|990|UN|0,00|1726,00|0,00|0,00||0,00|0,00|0,00||
|H030|0|11053630000140|9|00853650|992|UN|0,00|3,00|0,00|0,00||0,00|0,00|0,00||
|H030|0|11053630000140|0|73181500|994|UN|4,55|20,00|91,00|0,00||0,00|0,00|0,00||
|H030|0|11053630000140|0|73181500|995|UN|2,87|2,00|5,74|0,00||0,00|0,00|0,00||
|H030|0|11053630000140|0|73181500|999|UN|0,00|4,00|0,00|0,00||0,00|0,00|0,00||
|H030|0|11053630000140|0|73181500|1000|UN|6,43|3,00|19,29|0,00||0,00|0,00|0,00||
|H030|0|11053630000140|0|73181500|1001|UN|8,70|8,00|69,60|0,00||0,00|0,00|0,00||
|H030|0|11053630000140|0|73181500|1002|UN|1,38|495,00|683,10|0,00||0,00|0,00|0,00||
|H030|0|11053630000140|0|73181500|1004|UN|0,81|278,00|225,18|0,00||0,00|0,00|0,00||
|H030|0|11053630000140|0|73181500|1008|UN|6,25|1,00|6,25|0,00||0,00|0,00|0,00||
|H030|0|11053630000140|0|73181500|1012|UN|0,28|8,00|2,24|0,00||0,00|0,00|0,00||
|H030|0|11053630000140|0|73181500|1013|UN|0,58|19,00|11,02|0,00||0,00|0,00|0,00||
|H030|0|11053630000140|0|73181500|1015|UN|0,71|26,00|18,46|0,00||0,00|0,00|0,00||
|H030|0|11053630000140|0|73182200|1017|UN|0,11|104,00|11,44|0,00||0,00|0,00|0,00||
|H030|0|11053630000140|0|73182200|1018|UN|0,11|116,00|12,76|0,00||0,00|0,00|0,00||
|H030|0|11053630000140|0|73182200|1019|UN|0,14|20,00|2,80|0,00||0,00|0,00|0,00||
|H030|0|11053630000140|0|73182200|1020|UN|0,17|100,00|17,00|0,00||0,00|0,00|0,00||
|H030|0|11053630000140|0|38249041|1023|PC|11,90|13,00|154,70|0,00||0,00|0,00|0,00||
|H030|0|11053630000140|0|38140090|1024|L|15,00|11,00|165,00|0,00||0,00|0,00|0,00||
|H030|0|11053630000140|0|38140090|1025|PC|11,90|15,00|178,50|0,00||0,00|0,00|0,00||
|H030|0|11053630000140|0|40169300|1028|PC|10,83|11,00|119,13|0,00||0,00|0,00|0,00||
|H030|0|11053630000140|0|40169300|1029|PC|6,55|16,00|104,80|0,00||0,00|0,00|0,00||
|H030|0|11053630000140|0|40169300|1030|PC|9,48|14,00|132,76|0,00||0,00|0,00|0,00||
|H030|0|11053630000140|0|40169300|1031|PC|7,20|16,00|115,20|0,00||0,00|0,00|0,00||
|H030|0|11053630000140|0|84219999|1032|PC|2,20|3,00|6,60|0,00||0,00|0,00|0,00||
|H030|0|11053630000140|0|84219999|1033|PC|6,00|5,00|30,00|0,00||0,00|0,00|0,00||
|H030|0|11053630000140|0|87089990|1035|PC|1,16|6,00|6,96|0,00||0,00|0,00|0,00||
|H030|0|11053630000140|0|84099990|1037|PC|2,36|6,00|14,16|0,00||0,00|0,00|0,00||
|H030|0|11053630000140|0|39269090|1038|PC|0,54|41,00|22,14|0,00||0,00|0,00|0,00||
|H030|0|11053630000140|0|73181500|1039|PC|2,71|2,00|5,42|0,00||0,00|0,00|0,00||
|H030|0|11053630000140|0|85392990|1041|PC|0,79|30,00|23,70|0,00||0,00|0,00|0,00||
|H030|0|11053630000140|0|85392990|1042|PC|4,81|34,00|163,54|0,00||0,00|0,00|0,00||
|H030|0|11053630000140|0|85392990|1043|PC|0,94|11,00|10,34|0,00||0,00|0,00|0,00||
|H030|0|11053630000140|0|40103100|1044|PC|13,33|4,00|53,32|0,00||0,00|0,00|0,00||
|H030|0|11053630000140|0|87084090|1046|PC|179,12|1,00|179,12|0,00||0,00|0,00|0,00||
|H030|0|11053630000140|0|73182200|1047|PC|66,80|2,00|133,60|0,00||0,00|0,00|0,00||
|H030|0|11053630000140|0|84829190|1049|PC|0,19|23,00|4,37|0,00||0,00|0,00|0,00||
|H030|0|11053630000140|0|87089990|1050|PC|32,67|1,00|32,67|0,00||0,00|0,00|0,00||
|H030|0|11053630000140|0|87089990|1051|PC|39,21|4,00|156,84|0,00||0,00|0,00|0,00||
|H030|0|11053630000140|0|40103200|1052|PC|11,81|7,00|82,67|0,00||0,00|0,00|0,00||
|H030|0|11053630000140|0|87089990|1055|PC|32,85|3,00|98,55|0,00||0,00|0,00|0,00||
|H030|0|11053630000140|0|84212300|1056|PC|57,50|3,00|172,50|0,00||0,00|0,00|0,00||
|H030|0|11053630000140|0|87089990|1058|PC|6,78|22,00|149,18|0,00||0,00|0,00|0,00||
|H030|0|11053630000140|0|87089990|1059|PC|1,19|166,00|197,54|0,00||0,00|0,00|0,00||
|H030|0|11053630000140|0|73182400|1060|PC|1,32|29,00|38,28|0,00||0,00|0,00|0,00||
|H030|0|11053630000140|0|87089990|1061|PC|1,52|39,00|59,28|0,00||0,00|0,00|0,00||
|H030|0|11053630000140|0|84212300|1062|PC|27,52|10,00|275,20|0,00||0,00|0,00|0,00||
|H030|0|11053630000140|0|87089990|1065|PC|65,19|5,00|325,95|0,00||0,00|0,00|0,00||
|H030|0|11053630000140|0|84219999|1066|PC|51,12|3,00|153,36|0,00||0,00|0,00|0,00||
|H030|0|11053630000140|0|84122190|1068|PC|423,13|1,00|423,13|0,00||0,00|0,00|0,00||
|H030|0|11053630000140|0|84822010|1071|PC|33,86|4,00|135,44|0,00||0,00|0,00|0,00||
|H030|0|11053630000140|0|84219999|1073|PC|20,91|6,00|125,46|0,00||0,00|0,00|0,00||
|H030|0|11053630000140|0|87089990|1075|PC|1,27|10,00|12,70|0,00||0,00|0,00|0,00||
|H030|0|11053630000140|0|84798999|1080|UN|277,38|7,00|1941,66|0,00||0,00|0,00|0,00||
|H030|0|11053630000140|0|84138100|1081|UN|207,44|1,00|207,44|0,00||0,00|0,00|0,00||
|H030|0|11053630000140|0|84138100|1082|UN|483,79|1,00|483,79|0,00||0,00|0,00|0,00||
|H030|0|11053630000140|0|87089300|1083|PC|831,77|2,00|1663,54|0,00||0,00|0,00|0,00||
|H030|0|11053630000140|0|73181500|1084|PC|4,18|1,00|4,18|0,00||0,00|0,00|0,00||
|H030|0|11053630000140|0|73181500|1085|PC|2,19|10,00|21,90|0,00||0,00|0,00|0,00||
|H030|0|11053630000140|0|84136011|1088|PC|296,37|3,00|889,11|0,00||0,00|0,00|0,00||
|H030|0|11053630000140|0|84136011|1089|PC|259,38|3,00|778,14|0,00||0,00|0,00|0,00||
|H030|0|11053630000140|0|84329000|1090|PC|127,55|2,00|255,10|0,00||0,00|0,00|0,00||
|H030|0|11053630000140|0|84329000|1091|PC|160,22|2,00|320,44|0,00||0,00|0,00|0,00||
|H030|0|11053630000140|0|40169300|1092|PC|31,08|10,00|310,80|0,00||0,00|0,00|0,00||
|H030|0|11053630000140|0|84329000|1093|PC|82,46|1,00|82,46|0,00||0,00|0,00|0,00||
|H030|0|11053630000140|0|84329000|1094|PC|19,03|1,00|19,03|0,00||0,00|0,00|0,00||
|H030|0|11053630000140|0|73181500|1096|PC|3,87|34,00|131,58|0,00||0,00|0,00|0,00||
|H030|0|11053630000140|0|73181500|1097|PC|0,21|50,00|10,50|0,00||0,00|0,00|0,00||
|H030|0|11053630000140|0|84835010|1098|PC|0,00|1,00|0,00|0,00||0,00|0,00|0,00||
|H030|0|11053630000140|0|84835010|1099|PC|233,28|2,00|466,57|0,00||0,00|0,00|0,00||
|H030|0|11053630000140|0|84329000|1100|PC|62,03|1,00|62,03|0,00||0,00|0,00|0,00||
|H030|0|11053630000140|0|84329000|1101|PC|68,23|2,00|136,46|0,00||0,00|0,00|0,00||
|H030|0|11053630000140|0|84329000|1103|PC|112,27|6,00|673,62|0,00||0,00|0,00|0,00||
|H030|0|11053630000140|0|84329000|1104|PC|86,36|6,00|518,16|0,00||0,00|0,00|0,00||
|H030|0|11053630000140|0|40169300|1105|PC|6,04|11,00|66,44|0,00||0,00|0,00|0,00||
|H030|0|11053630000140|0|84329000|1106|PC|72,69|1,00|72,69|0,00||0,00|0,00|0,00||
|H030|0|11053630000140|0|84831090|1107|PC|0,00|1,00|0,00|0,00||0,00|0,00|0,00||
|H030|0|11053630000140|0|73261900|1108|PC|0,00|6,00|0,00|0,00||0,00|0,00|0,00||
|H030|0|11053630000140|0|73181500|1109|PC|29,25|5,00|146,25|0,00||0,00|0,00|0,00||
|H030|0|11053630000140|0|73181500|1110|PC|14,12|4,00|56,48|0,00||0,00|0,00|0,00||
|H030|0|11053630000140|0|84329000|1111|PC|54,81|2,00|109,62|0,00||0,00|0,00|0,00||
|H030|0|11053630000140|0|73181600|1112|PC|30,70|13,00|399,10|0,00||0,00|0,00|0,00||
|H030|0|11053630000140|0|84329000|1113|PC|561,50|2,00|1123,00|0,00||0,00|0,00|0,00||
|H030|0|11053630000140|0|84329000|1114|PC|491,70|1,00|491,70|0,00||0,00|0,00|0,00||
|H030|0|11053630000140|0|73181500|1115|PC|9,36|7,00|65,52|0,00||0,00|0,00|0,00||
|H030|0|11053630000140|0|84831090|1117|PC|59,89|4,00|239,56|0,00||0,00|0,00|0,00||
|H030|0|11053630000140|0|84329000|1119|PC|15,15|8,00|121,20|0,00||0,00|0,00|0,00||
|H030|0|11053630000140|0|73181500|1120|PC|27,11|4,00|108,44|0,00||0,00|0,00|0,00||
|H030|0|11053630000140|0|84329000|1121|PC|22,44|9,00|201,96|0,00||0,00|0,00|0,00||
|H030|0|11053630000140|0|40169300|1122|PC|13,56|10,00|135,60|0,00||0,00|0,00|0,00||
|H030|0|11053630000140|0|84329000|1123|PC|318,91|2,00|637,82|0,00||0,00|0,00|0,00||
|H030|0|11053630000140|0|84329000|1125|PC|158,06|1,00|158,06|0,00||0,00|0,00|0,00||
|H030|0|11053630000140|0|73182900|1126|PC|3,44|7,00|24,08|0,00||0,00|0,00|0,00||
|H030|0|11053630000140|0|73261900|1127|PC|7,80|2,00|15,60|0,00||0,00|0,00|0,00||
|H030|0|11053630000140|0|73181600|1128|PC|17,27|6,00|103,62|0,00||0,00|0,00|0,00||
|H030|0|11053630000140|0|73182900|1129|PC|1,96|21,00|41,16|0,00||0,00|0,00|0,00||
|H030|0|11053630000140|0|73181500|1130|PC|0,12|69,00|8,28|0,00||0,00|0,00|0,00||
|H030|0|11053630000140|0|84329000|1131|PC|67,70|2,00|135,40|0,00||0,00|0,00|0,00||
|H030|0|11053630000140|0|73181600|1132|PC|6,86|3,00|20,58|0,00||0,00|0,00|0,00||
|H030|0|11053630000140|0|84329000|1133|PC|14,06|4,00|56,24|0,00||0,00|0,00|0,00||
|H030|0|11053630000140|0|73202090|1134|PC|27,61|3,00|82,83|0,00||0,00|0,00|0,00||
|H030|0|11053630000140|0|84329000|1135|PC|121,42|1,00|121,42|0,00||0,00|0,00|0,00||
|H030|0|11053630000140|0|73202090|1136|PC|0,00|1,00|0,00|0,00||0,00|0,00|0,00||
|H030|0|11053630000140|0|73202090|1137|PC|32,64|1,00|32,64|0,00||0,00|0,00|0,00||
|H030|0|11053630000140|0|74181100|1143|UN|1,00|205,00|205,00|0,00||0,00|0,00|0,00||
|H030|0|11053630000140|0|40169300|1144|PC|7,60|4,00|30,40|0,00||0,00|0,00|0,00||
|H030|0|11053630000140|0|39269090|1146|PC|5,23|7,00|36,61|0,00||0,00|0,00|0,00||
|H030|0|11053630000140|0|73181500|1147|PC|1,30|5,00|6,50|0,00||0,00|0,00|0,00||
|H030|0|11053630000140|0|73182900|1148|PC|0,00|6,00|0,00|0,00||0,00|0,00|0,00||
|H030|0|11053630000140|0|73182900|1150|PC|0,54|13,00|7,02|0,00||0,00|0,00|0,00||
|H030|0|11053630000140|0|39269090|1151|PC|0,00|2,00|0,00|0,00||0,00|0,00|0,00||
|H030|0|11053630000140|0|87089990|1153|PC|18,99|5,00|94,95|0,00||0,00|0,00|0,00||
|H030|0|11053630000140|0|38249041|1157|PC|0,00|14,00|0,00|0,00||0,00|0,00|0,00||
|H030|0|11053630000140|0|87089990|1159|PC|60,21|2,00|120,42|0,00||0,00|0,00|0,00||
|H030|0|11053630000140|0|87089990|1161|PC|497,86|2,00|995,72|0,00||0,00|0,00|0,00||
|H030|0|11053630000140|0|73182100|1162|PC|0,00|3,00|0,00|0,00||0,00|0,00|0,00||
|H030|0|11053630000140|0|73181500|1163|PC|0,00|2,00|0,00|0,00||0,00|0,00|0,00||
|H030|0|11053630000140|0|73181900|1164|PC|7,91|5,00|39,57|0,00||0,00|0,00|0,00||
|H030|0|11053630000140|0|87089990|1165|PC|6,46|3,00|19,38|0,00||0,00|0,00|0,00||
|H030|0|11053630000140|0|84212990|1166|PC|3,98|8,00|31,84|0,00||0,00|0,00|0,00||
|H030|0|11053630000140|0|87089990|1168|PC|5,41|4,00|21,64|0,00||0,00|0,00|0,00||
|H030|0|11053630000140|0|84329000|1169|PC|0,00|1,00|0,00|0,00||0,00|0,00|0,00||
|H030|0|11053630000140|0|73181500|1171|PC|0,00|1,00|0,00|0,00||0,00|0,00|0,00||
|H030|0|11053630000140|0|87084090|1172|PC|0,00|1,00|0,00|0,00||0,00|0,00|0,00||
|H030|0|11053630000140|0|73181600|1173|PC|8,70|4,00|34,80|0,00||0,00|0,00|0,00||
|H030|0|11053630000140|0|87089990|1174|PC|5,60|10,00|56,00|0,00||0,00|0,00|0,00||
|H030|0|11053630000140|0|84329000|1176|PC|183,92|8,00|1471,36|0,00||0,00|0,00|0,00||
|H030|0|11053630000140|0|84329000|1177|PC|66,84|1,00|66,84|0,00||0,00|0,00|0,00||
|H030|0|11053630000140|9|00853650|1180|UN|0,00|1,00|0,00|0,00||0,00|0,00|0,00||
|H030|0|11053630000140|0|84329000|1185|PC|145,18|3,00|435,54|0,00||0,00|0,00|0,00||
|H030|0|11053630000140|0|84329000|1190|PC|105,76|2,00|211,52|0,00||0,00|0,00|0,00||
|H030|0|11053630000140|0|84329000|1192|PC|8,95|32,00|286,50|0,00||0,00|0,00|0,00||
|H030|0|11053630000140|0|84819090|1202|PC|0,65|40,00|26,00|0,00||0,00|0,00|0,00||
|H030|0|11053630000140|0|73259990|1203|PC|3,99|3,00|11,97|0,00||0,00|0,00|0,00||
|H030|0|11053630000140|0|84819090|1204|PC|50,75|1,00|50,75|0,00||0,00|0,00|0,00||
|H030|0|11053630000140|0|84249090|1205|PC|5,79|12,00|69,48|0,00||0,00|0,00|0,00||
|H030|0|11053630000140|0|84812090|1206|PC|11,33|165,00|1869,45|0,00||0,00|0,00|0,00||
|H030|0|11053630000140|0|73202010|1207|PC|0,00|3,00|0,00|0,00||0,00|0,00|0,00||
|H030|0|11053630000140|0|40169300|1208|PC|0,00|6,00|0,00|0,00||0,00|0,00|0,00||
|H030|0|11053630000140|0|84835010|1210|PC|7,12|1,00|7,12|0,00||0,00|0,00|0,00||
|H030|0|11053630000140|0|84249090|1212|PC|51,98|1,00|51,98|0,00||0,00|0,00|0,00||
|H030|0|11053630000140|0|84819090|1216|PC|8,86|8,00|70,88|0,00||0,00|0,00|0,00||
|H030|0|11053630000140|0|84249090|1217|PC|131,10|2,00|262,20|0,00||0,00|0,00|0,00||
|H030|0|11053630000140|0|84249090|1218|PC|54,77|4,00|219,08|0,00||0,00|0,00|0,00||
|H030|0|11053630000140|0|40169300|1220|PC|1,79|2,00|3,58|0,00||0,00|0,00|0,00||
|H030|0|11053630000140|0|73182400|1225|PC|2,23|6,00|13,38|0,00||0,00|0,00|0,00||
|H030|0|11053630000140|0|39235000|1226|PC|9,69|5,00|48,45|0,00||0,00|0,00|0,00||
|H030|0|11053630000140|0|40169990|1227|PC|0,00|6,00|0,00|0,00||0,00|0,00|0,00||
|H030|0|11053630000140|0|84249090|1228|PC|17,53|5,00|87,65|0,00||0,00|0,00|0,00||
|H030|0|11053630000140|0|73202010|1229|PC|0,00|1,00|0,00|0,00||0,00|0,00|0,00||
|H030|0|11053630000140|0|84835090|1230|PC|46,10|3,00|138,30|0,00||0,00|0,00|0,00||
|H030|0|11053630000140|0|39235000|1233|PC|8,73|4,00|34,92|0,00||0,00|0,00|0,00||
|H030|0|11053630000140|0|84219999|1234|PC|53,35|2,00|106,69|0,00||0,00|0,00|0,00||
|H030|0|11053630000140|0|84831090|1235|PC|23,57|2,00|47,14|0,00||0,00|0,00|0,00||
|H030|0|11053630000140|0|84219999|1236|PC|0,00|1,00|0,00|0,00||0,00|0,00|0,00||
|H030|0|11053630000140|0|84212990|1240|PC|120,00|1,00|120,00|0,00||0,00|0,00|0,00||
|H030|0|11053630000140|0|87089990|1241|PC|30,00|1,00|30,00|0,00||0,00|0,00|0,00||
|H030|0|11053630000140|0|85361000|1249|PC|0,26|62,00|16,12|0,00||0,00|0,00|0,00||
|H030|0|11053630000140|0|85361000|1250|PC|0,26|59,00|15,34|0,00||0,00|0,00|0,00||
|H030|0|11053630000140|0|85361000|1251|PC|0,31|170,00|52,70|0,00||0,00|0,00|0,00||
|H030|0|11053630000140|0|85361000|1252|PC|0,26|69,00|17,94|0,00||0,00|0,00|0,00||
|H030|0|11053630000140|0|73259910|1255|JG|214,73|2,00|429,46|0,00||0,00|0,00|0,00||
|H030|0|11053630000140|0|73259910|1256|JG|214,76|3,00|644,28|0,00||0,00|0,00|0,00||
|H030|0|11053630000140|0|73259910|1257|JG|166,02|1,00|166,02|0,00||0,00|0,00|0,00||
|H030|0|11053630000140|0|73182900|1262|PC|0,00|1,00|0,00|0,00||0,00|0,00|0,00||
|H030|0|11053630000140|0|87089990|1263|PC|0,00|2,00|0,00|0,00||0,00|0,00|0,00||
|H030|0|11053630000140|0|73209000|1264|PC|0,00|2,00|0,00|0,00||0,00|0,00|0,00||
|H030|0|11053630000140|0|73182900|1265|PC|0,00|1,00|0,00|0,00||0,00|0,00|0,00||
|H030|0|11053630000140|0|40169300|1266|PC|23,93|4,00|95,72|0,00||0,00|0,00|0,00||
|H030|0|11053630000140|0|84099915|1267|PC|152,05|1,00|152,05|0,00||0,00|0,00|0,00||
|H030|0|11053630000140|0|84329000|1268|PC|10,04|6,00|60,24|0,00||0,00|0,00|0,00||
|H030|0|11053630000140|0|87089990|1269|PC|11,17|3,00|33,51|0,00||0,00|0,00|0,00||
|H030|0|11053630000140|0|87089990|1270|PC|13,96|2,00|27,92|0,00||0,00|0,00|0,00||
|H030|0|11053630000140|0|84879000|1271|PC|0,48|47,00|22,56|0,00||0,00|0,00|0,00||
|H030|0|11053630000140|0|73181600|1272|PC|15,83|1,00|15,83|0,00||0,00|0,00|0,00||
|H030|0|11053630000140|0|84219999|1273|PC|17,16|3,00|51,48|0,00||0,00|0,00|0,00||
|H030|0|11053630000140|0|87089990|1274|PC|12,92|1,00|12,92|0,00||0,00|0,00|0,00||
|H030|0|11053630000140|0|84212300|1275|PC|6,75|4,00|27,00|0,00||0,00|0,00|0,00||
|H030|0|11053630000140|0|84821090|1276|PC|12,78|6,00|76,68|0,00||0,00|0,00|0,00||
|H030|0|11053630000140|0|73182100|1277|PC|2,09|4,00|8,36|0,00||0,00|0,00|0,00||
|H030|0|11053630000140|0|84132000|1278|PC|97,77|1,00|97,77|0,00||0,00|0,00|0,00||
|H030|0|11053630000140|0|40103900|1279|PC|10,47|14,00|146,58|0,00||0,00|0,00|0,00||
|H030|0|11053630000140|0|40169300|1280|PC|0,00|4,00|0,00|0,00||0,00|0,00|0,00||
|H030|0|11053630000140|0|73181500|1281|PC|1,47|13,00|19,11|0,00||0,00|0,00|0,00||
|H030|0|11053630000140|0|45049000|1282|PC|4,98|4,00|19,92|0,00||0,00|0,00|0,00||
|H030|0|11053630000140|0|84841000|1283|PC|44,00|2,00|88,00|0,00||0,00|0,00|0,00||
|H030|0|11053630000140|0|84849000|1284|PC|47,86|2,00|95,72|0,00||0,00|0,00|0,00||
|H030|0|11053630000140|0|45049000|1286|PC|2,07|1,00|2,07|0,00||0,00|0,00|0,00||
|H030|0|11053630000140|0|40169300|1288|PC|29,41|12,00|352,92|0,00||0,00|0,00|0,00||
|H030|0|11053630000140|0|40093100|1289|PC|11,89|7,00|83,23|0,00||0,00|0,00|0,00||
|H030|0|11053630000140|0|84219999|1291|PC|33,23|2,00|66,46|0,00||0,00|0,00|0,00||
|H030|0|11053630000140|0|40169300|1292|PC|1,04|11,00|11,44|0,00||0,00|0,00|0,00||
|H030|0|11053630000140|0|40169300|1293|PC|6,25|3,00|18,75|0,00||0,00|0,00|0,00||
|H030|0|11053630000140|0|84824000|1296|PC|33,26|1,00|33,26|0,00||0,00|0,00|0,00||
|H030|0|11053630000140|0|84249090|1307|PC|4,21|51,00|214,71|0,00||0,00|0,00|0,00||
|H030|0|11053630000140|0|84219999|1308|PC|26,27|5,00|131,35|0,00||0,00|0,00|0,00||
|H030|0|11053630000140|0|87085080|1311|PC|0,00|1,00|0,00|0,00||0,00|0,00|0,00||
|H030|0|11053630000140|0|84842000|1314|PC|1,03|6,00|6,18|0,00||0,00|0,00|0,00||
|H030|0|11053630000140|0|40169300|1315|PC|0,14|33,00|4,62|0,00||0,00|0,00|0,00||
|H030|0|11053630000140|0|84831090|1316|PC|66,46|2,00|132,92|0,00||0,00|0,00|0,00||
|H030|0|11053630000140|0|87082912|1317|PC|66,83|1,00|66,83|0,00||0,00|0,00|0,00||
|H030|0|11053630000140|0|87089910|1318|PC|705,69|1,00|705,69|0,00||0,00|0,00|0,00||
|H030|0|11053630000140|0|84219999|1319|PC|8,47|1,00|8,47|0,00||0,00|0,00|0,00||
|H030|0|11053630000140|0|69099000|1320|PC|222,38|5,00|1111,90|0,00||0,00|0,00|0,00||
|H030|0|11053630000140|0|69099000|1322|PC|56,28|1,00|56,28|0,00||0,00|0,00|0,00||
|H030|0|11053630000140|0|84249090|1323|PC|0,00|1,00|0,00|0,00||0,00|0,00|0,00||
|H030|0|11053630000140|0|39169090|1327|PC|0,00|3,00|0,00|0,00||0,00|0,00|0,00||
|H030|0|11053630000140|0|40093100|1328|PC|5,30|2,00|10,60|0,00||0,00|0,00|0,00||
|H030|0|11053630000140|0|84133090|1329|PC|78,87|1,00|78,87|0,00||0,00|0,00|0,00||
|H030|0|11053630000140|0|87089412|1330|PC|123,39|2,00|246,78|0,00||0,00|0,00|0,00||
|H030|0|11053630000140|0|87089412|1331|PC|87,08|2,00|174,16|0,00||0,00|0,00|0,00||
|H030|0|11053630000140|0|39269090|1332|PC|0,74|10,00|7,40|0,00||0,00|0,00|0,00||
|H030|0|11053630000140|0|84249090|1333|PC|0,00|57,00|0,00|0,00||0,00|0,00|0,00||
|H030|0|11053630000140|0|39081029|1334|PC|3,26|8,00|26,08|0,00||0,00|0,00|0,00||
|H030|0|11053630000140|0|84249090|1336|PC|4,97|45,00|223,65|0,00||0,00|0,00|0,00||
|H030|0|11053630000140|0|73181500|1337|PC|2,76|4,00|11,04|0,00||0,00|0,00|0,00||
|H030|0|11053630000140|0|84249090|1339|PC|4,92|3,00|14,76|0,00||0,00|0,00|0,00||
|H030|0|11053630000140|0|73182900|1341|PC|0,00|8,00|0,00|0,00||0,00|0,00|0,00||
|H030|0|11053630000140|0|84799090|1343|PC|0,00|2,00|0,00|0,00||0,00|0,00|0,00||
|H030|0|11053630000140|0|84799090|1344|PC|11,95|5,00|59,75|0,00||0,00|0,00|0,00||
|H030|0|11053630000140|0|84799090|1346|PC|34,92|3,00|104,76|0,00||0,00|0,00|0,00||
|H030|0|11053630000140|0|87089990|1349|PC|0,00|1,00|0,00|0,00||0,00|0,00|0,00||
|H030|0|11053630000140|0|87089990|1351|PC|115,44|1,00|115,44|0,00||0,00|0,00|0,00||
|H030|0|11053630000140|0|84329000|1356|PC|255,99|55,00|14079,45|0,00||0,00|0,00|0,00||
|H030|0|11053630000140|0|39173900|1365|PC|8,90|18,00|160,20|0,00||0,00|0,00|0,00||
|H030|0|11053630000140|0|73182200|1374|PC|38,80|5,00|194,00|0,00||0,00|0,00|0,00||
|H030|0|11053630000140|0|73182900|1375|PC|5,59|28,00|156,52|0,00||0,00|0,00|0,00||
|H030|0|11053630000140|0|73182900|1376|PC|3,96|4,00|15,84|0,00||0,00|0,00|0,00||
|H030|0|11053630000140|0|87084090|1377|PC|241,06|4,00|964,24|0,00||0,00|0,00|0,00||
|H030|0|11053630000140|0|87084090|1378|PC|163,78|13,00|2129,14|0,00||0,00|0,00|0,00||
|H030|0|11053630000140|0|40169300|1382|PC|8,97|12,00|107,64|0,00||0,00|0,00|0,00||
|H030|0|11053630000140|0|39269090|1387|PC|5,39|11,00|59,29|0,00||0,00|0,00|0,00||
|H030|0|11053630000140|0|84832000|1388|PC|128,58|1,00|128,58|0,00||0,00|0,00|0,00||
|H030|0|11053630000140|0|73181600|1390|PC|0,60|4,00|2,40|0,00||0,00|0,00|0,00||
|H030|0|11053630000140|0|84249090|1393|PC|9,60|4,00|38,40|0,00||0,00|0,00|0,00||
|H030|0|11053630000140|0|73181500|1396|PC|0,16|8,00|1,28|0,00||0,00|0,00|0,00||
|H030|0|11053630000140|0|73182100|1398|PC|11,86|5,00|59,30|0,00||0,00|0,00|0,00||
|H030|0|11053630000140|0|84831090|1399|PC|40,26|2,00|80,52|0,00||0,00|0,00|0,00||
|H030|0|11053630000140|0|84219999|1402|PC|111,32|1,00|111,32|0,00||0,00|0,00|0,00||
|H030|0|11053630000140|0|56022100|1404|PC|0,75|2,00|1,50|0,00||0,00|0,00|0,00||
|H030|0|11053630000140|0|40093100|1405|PC|12,03|4,00|48,12|0,00||0,00|0,00|0,00||
|H030|0|11053630000140|0|87089990|1407|PC|43,88|4,00|175,52|0,00||0,00|0,00|0,00||
|H030|0|11053630000140|0|40093100|1408|PC|22,19|1,00|22,19|0,00||0,00|0,00|0,00||
|H030|0|11053630000140|0|73181500|1409|PC|1,83|12,00|21,96|0,00||0,00|0,00|0,00||
|H030|0|11053630000140|0|73182200|1412|PC|0,72|3,00|2,16|0,00||0,00|0,00|0,00||
|H030|0|11053630000140|0|73181600|1413|PC|0,02|17,00|0,34|0,00||0,00|0,00|0,00||
|H030|0|11053630000140|0|73182200|1414|PC|0,00|15,00|0,00|0,00||0,00|0,00|0,00||
|H030|0|11053630000140|0|73261900|1415|PC|2,56|5,00|12,80|0,00||0,00|0,00|0,00||
|H030|0|11053630000140|0|84329000|1416|PC|34,45|1,00|34,45|0,00||0,00|0,00|0,00||
|H030|0|11053630000140|0|73259990|1417|PC|0,00|4,00|0,00|0,00||0,00|0,00|0,00||
|H030|0|11053630000140|0|84249090|1418|PC|25,12|6,00|150,72|0,00||0,00|0,00|0,00||
|H030|0|11053630000140|0|73261900|1419|PC|2,72|34,00|92,48|0,00||0,00|0,00|0,00||
|H030|0|11053630000140|0|73261900|1420|PC|2,12|17,00|36,04|0,00||0,00|0,00|0,00||
|H030|0|11053630000140|0|73261900|1421|PC|2,22|33,00|73,26|0,00||0,00|0,00|0,00||
|H030|0|11053630000140|0|73261900|1423|PC|2,25|14,00|31,50|0,00||0,00|0,00|0,00||
|H030|0|11053630000140|0|73261900|1424|PC|2,39|37,00|88,43|0,00||0,00|0,00|0,00||
|H030|0|11053630000140|0|73261900|1425|PC|2,40|11,00|26,40|0,00||0,00|0,00|0,00||
|H030|0|11053630000140|0|73261900|1426|PC|2,90|13,00|37,70|0,00||0,00|0,00|0,00||
|H030|0|11053630000140|0|73261900|1427|PC|2,81|8,00|22,48|0,00||0,00|0,00|0,00||
|H030|0|11053630000140|0|73261900|1428|PC|2,84|20,00|56,80|0,00||0,00|0,00|0,00||
|H030|0|11053630000140|0|73261900|1429|PC|3,33|12,00|39,96|0,00||0,00|0,00|0,00||
|H030|0|11053630000140|0|73261900|1430|PC|4,02|28,00|112,56|0,00||0,00|0,00|0,00||
|H030|0|11053630000140|0|73261900|1431|PC|13,48|13,00|175,24|0,00||0,00|0,00|0,00||
|H030|0|11053630000140|0|73261900|1432|PC|6,48|3,00|19,44|0,00||0,00|0,00|0,00||
|H030|0|11053630000140|0|73261900|1433|PC|0,00|1,00|0,00|0,00||0,00|0,00|0,00||
|H030|0|11053630000140|0|94012000|1436|PC|248,59|1,00|248,59|0,00||0,00|0,00|0,00||
|H030|0|11053630000140|0|87089200|1438|PC|61,09|1,00|61,09|0,00||0,00|0,00|0,00||
|H030|0|11053630000140|0|94012000|1439|PC|361,80|1,00|361,80|0,00||0,00|0,00|0,00||
|H030|0|11053630000140|0|94012000|1440|PC|484,34|1,00|484,34|0,00||0,00|0,00|0,00||
|H030|0|11053630000140|0|94012000|1441|PC|594,12|2,00|1188,24|0,00||0,00|0,00|0,00||
|H030|0|11053630000140|0|87089412|1444|PC|4,36|3,00|13,08|0,00||0,00|0,00|0,00||
|H030|0|11053630000140|0|73182900|1445|PC|1,06|4,00|4,24|0,00||0,00|0,00|0,00||
|H030|0|11053630000140|0|87089990|1450|PC|0,00|1,00|0,00|0,00||0,00|0,00|0,00||
|H030|0|11053630000140|0|84821010|1460|PC|6,35|3,00|19,05|0,00||0,00|0,00|0,00||
|H030|0|11053630000140|0|84821010|1461|PC|29,22|10,00|292,20|0,00||0,00|0,00|0,00||
|H030|0|11053630000140|0|84821010|1462|PC|25,57|6,00|153,42|0,00||0,00|0,00|0,00||
|H030|0|11053630000140|0|84821010|1463|PC|65,25|5,00|326,25|0,00||0,00|0,00|0,00||
|H030|0|11053630000140|0|84821010|1464|PC|16,87|8,00|134,96|0,00||0,00|0,00|0,00||
|H030|0|11053630000140|0|84839000|1465|PC|16,24|3,00|48,72|0,00||0,00|0,00|0,00||
|H030|0|11053630000140|0|84839000|1466|PC|16,27|2,00|32,54|0,00||0,00|0,00|0,00||
|H030|0|11053630000140|0|84839000|1467|PC|18,44|3,00|55,32|0,00||0,00|0,00|0,00||
|H030|0|11053630000140|0|84839000|1468|PC|20,85|1,00|20,85|0,00||0,00|0,00|0,00||
|H030|0|11053630000140|0|84839000|1469|PC|20,07|2,00|40,14|0,00||0,00|0,00|0,00||
|H030|0|11053630000140|0|84839000|1470|PC|34,88|3,00|104,64|0,00||0,00|0,00|0,00||
|H030|0|11053630000140|0|87085091|1472|PC|49,00|2,00|98,00|0,00||0,00|0,00|0,00||
|H030|0|11053630000140|0|87085091|1473|PC|17,89|5,00|89,45|0,00||0,00|0,00|0,00||
|H030|0|11053630000140|0|87085091|1474|PC|0,00|3,00|0,00|0,00||0,00|0,00|0,00||
|H030|0|11053630000140|0|84839000|1475|PC|67,34|4,00|269,36|0,00||0,00|0,00|0,00||
|H030|0|11053630000140|0|84314929|1480|PC|0,00|1,00|0,00|0,00||0,00|0,00|0,00||
|H030|0|11053630000140|0|84314929|1487|PC|0,00|1,00|0,00|0,00||0,00|0,00|0,00||
|H030|0|11053630000140|0|84821010|1488|PC|48,35|4,00|193,40|0,00||0,00|0,00|0,00||
|H030|0|11053630000140|0|73181500|1495|UN|0,00|3,00|0,00|0,00||0,00|0,00|0,00||
|H030|0|11053630000140|0|85071090|1499|UN|557,00|1,00|557,00|0,00||0,00|0,00|0,00||
|H030|0|11053630000140|0|85071090|1500|UN|435,80|5,00|2179,00|0,00||0,00|0,00|0,00||
|H030|0|11053630000140|0|85122029|1507|PC|0,00|1,00|0,00|0,00||0,00|0,00|0,00||
|H030|0|11053630000140|0|73181600|1525|PC|4,00|11,00|44,00|0,00||0,00|0,00|0,00||
|H030|0|11053630000140|0|84329000|1533|PC|14,37|5,00|71,85|0,00||0,00|0,00|0,00||
|H030|0|11053630000140|0|84329000|1535|PC|54,95|1,00|54,95|0,00||0,00|0,00|0,00||
|H030|0|11053630000140|0|84329000|1536|PC|53,77|1,00|53,77|0,00||0,00|0,00|0,00||
|H030|0|11053630000140|0|73182900|1537|PC|7,98|6,00|47,88|0,00||0,00|0,00|0,00||
|H030|0|11053630000140|0|84329000|1538|PC|15,92|4,00|63,68|0,00||0,00|0,00|0,00||
|H030|0|11053630000140|0|84322900|1539|PC|50,07|3,00|150,21|0,00||0,00|0,00|0,00||
|H030|0|11053630000140|0|84831090|1541|PC|15,84|6,00|95,04|0,00||0,00|0,00|0,00||
|H030|0|11053630000140|0|84329000|1542|PC|26,54|2,00|53,08|0,00||0,00|0,00|0,00||
|H030|0|11053630000140|0|84329000|1543|PC|115,14|1,00|115,14|0,00||0,00|0,00|0,00||
|H030|0|11053630000140|0|73181600|1544|PC|5,56|12,00|66,72|0,00||0,00|0,00|0,00||
|H030|0|11053630000140|0|73181600|1545|PC|20,00|4,00|80,00|0,00||0,00|0,00|0,00||
|H030|0|11053630000140|0|84329000|1546|PC|7,33|1,00|7,33|0,00||0,00|0,00|0,00||
|H030|0|11053630000140|0|73182900|1547|PC|12,71|2,00|25,42|0,00||0,00|0,00|0,00||
|H030|0|11053630000140|0|39219090|1552|PC|0,12|81,00|9,72|0,00||0,00|0,00|0,00||
|H030|0|11053630000140|0|85366990|1553|PC|2,53|18,00|45,54|0,00||0,00|0,00|0,00||
|H030|0|11053630000140|0|85392910|1556|PC|0,93|19,00|17,67|0,00||0,00|0,00|0,00||
|H030|0|11053630000140|0|85392110|1557|PC|8,32|19,00|158,08|0,00||0,00|0,00|0,00||
|H030|0|11053630000140|0|85392110|1558|PC|17,92|27,00|483,84|0,00||0,00|0,00|0,00||
|H030|0|11053630000140|0|40103900|1560|PC|4,75|1,00|4,75|0,00||0,00|0,00|0,00||
|H030|0|11053630000140|0|85365090|1563|PC|17,75|1,00|17,75|0,00||0,00|0,00|0,00||
|H030|0|11053630000140|0|85364100|1564|PC|9,21|15,00|138,15|0,00||0,00|0,00|0,00||
|H030|0|11053630000140|0|85364100|1565|PC|10,94|2,00|21,88|0,00||0,00|0,00|0,00||
|H030|0|11053630000140|0|84329000|1568|PC|142,99|3,00|428,97|0,00||0,00|0,00|0,00||
|H030|0|11053630000140|0|84329000|1569|PC|142,99|3,00|428,97|0,00||0,00|0,00|0,00||
|H030|0|11053630000140|0|87089990|1572|PC|0,00|1,00|0,00|0,00||0,00|0,00|0,00||
|H030|0|11053630000140|0|84219999|1574|PC|111,78|1,00|111,78|0,00||0,00|0,00|0,00||
|H030|0|11053630000140|0|84219999|1577|PC|383,81|2,00|767,62|0,00||0,00|0,00|0,00||
|H030|0|11053630000140|0|84219999|1578|PC|209,70|3,00|629,10|0,00||0,00|0,00|0,00||
|H030|0|11053630000140|0|84212300|1580|PC|34,92|1,00|34,92|0,00||0,00|0,00|0,00||
|H030|0|11053630000140|0|84219999|1586|PC|90,00|1,00|90,00|0,00||0,00|0,00|0,00||
|H030|0|11053630000140|0|84219999|1593|PC|68,04|1,00|68,04|0,00||0,00|0,00|0,00||
|H030|0|11053630000140|0|84219999|1595|PC|44,04|1,00|44,04|0,00||0,00|0,00|0,00||
|H030|0|11053630000140|0|84219999|1596|PC|41,00|2,00|82,00|0,00||0,00|0,00|0,00||
|H030|0|11053630000140|0|39174090|1597|PC|4,22|5,00|21,10|0,00||0,00|0,00|0,00||
|H030|0|11053630000140|0|74122000|1598|PC|30,76|5,00|153,80|0,00||0,00|0,00|0,00||
|H030|0|11053630000140|0|87089990|1603|PC|40,40|5,00|202,00|0,00||0,00|0,00|0,00||
|H030|0|11053630000140|0|84139190|1605|PC|10,98|2,00|21,96|0,00||0,00|0,00|0,00||
|H030|0|11053630000140|0|40169300|1606|PC|6,58|4,00|26,32|0,00||0,00|0,00|0,00||
|H030|0|11053630000140|0|73181500|1607|PC|0,00|4,00|0,00|0,00||0,00|0,00|0,00||
|H030|0|11053630000140|0|73181600|1608|PC|2,62|12,00|31,44|0,00||0,00|0,00|0,00||
|H030|0|11053630000140|0|84248119|1609|PC|25,86|1,00|25,86|0,00||0,00|0,00|0,00||
|H030|0|11053630000140|0|73181500|1612|PC|1,73|10,00|17,30|0,00||0,00|0,00|0,00||
|H030|0|11053630000140|0|73182100|1616|PC|0,41|18,00|7,38|0,00||0,00|0,00|0,00||
|H030|0|11053630000140|0|73181500|1622|PC|0,00|12,00|0,00|0,00||0,00|0,00|0,00||
|H030|0|11053630000140|0|74122000|1626|PC|28,97|1,00|28,97|0,00||0,00|0,00|0,00||
|H030|0|11053630000140|0|73182900|1630|PC|0,00|8,00|0,00|0,00||0,00|0,00|0,00||
|H030|0|11053630000140|0|84219999|1639|PC|154,04|2,00|308,08|0,00||0,00|0,00|0,00||
|H030|0|11053630000140|0|87089990|1640|PC|153,19|1,00|153,19|0,00||0,00|0,00|0,00||
|H030|0|11053630000140|0|73182900|1642|PC|0,12|3,00|0,36|0,00||0,00|0,00|0,00||
|H030|0|11053630000140|0|84139190|1643|PC|6,06|3,00|18,18|0,00||0,00|0,00|0,00||
|H030|0|11053630000140|0|74152100|1644|PC|0,00|10,00|0,00|0,00||0,00|0,00|0,00||
|H030|0|11053630000140|0|87089990|1645|PC|10,79|4,00|43,16|0,00||0,00|0,00|0,00||
|H030|0|11053630000140|0|87089990|1652|PC|13,89|1,00|13,89|0,00||0,00|0,00|0,00||
|H030|0|11053630000140|0|85122011|1656|PC|29,78|1,00|29,78|0,00||0,00|0,00|0,00||
|H030|0|11053630000140|0|87085019|1660|PC|57,24|1,00|57,24|0,00||0,00|0,00|0,00||
|H030|0|11053630000140|0|87089990|1662|PC|3,08|2,00|6,16|0,00||0,00|0,00|0,00||
|H030|0|11053630000140|0|87089990|1664|PC|116,25|1,00|116,25|0,00||0,00|0,00|0,00||
|H030|0|11053630000140|0|40093100|1665|PC|109,42|1,00|109,42|0,00||0,00|0,00|0,00||
|H030|0|11053630000140|0|40093100|1666|PC|11,15|4,00|44,60|0,00||0,00|0,00|0,00||
|H030|0|11053630000140|0|87089990|1667|PC|5,31|6,00|31,86|0,00||0,00|0,00|0,00||
|H030|0|11053630000140|0|40169300|1669|PC|2,01|5,00|10,05|0,00||0,00|0,00|0,00||
|H030|0|11053630000140|0|73181500|1670|PC|3,78|1,00|3,78|0,00||0,00|0,00|0,00||
|H030|0|11053630000140|0|73181500|1672|PC|0,00|1,00|0,00|0,00||0,00|0,00|0,00||
|H030|0|11053630000140|0|76161000|1674|PC|1,55|28,00|43,40|0,00||0,00|0,00|0,00||
|H030|0|11053630000140|0|40169300|1675|PC|2,09|7,00|14,63|0,00||0,00|0,00|0,00||
|H030|0|11053630000140|0|87089300|1676|PC|237,46|1,00|237,46|0,00||0,00|0,00|0,00||
|H030|0|11053630000140|0|87089990|1677|PC|0,00|1,00|0,00|0,00||0,00|0,00|0,00||
|H030|0|11053630000140|0|73181500|1678|PC|0,99|32,00|31,68|0,00||0,00|0,00|0,00||
|H030|0|11053630000140|0|73182200|1679|PC|3,60|29,00|104,40|0,00||0,00|0,00|0,00||
|H030|0|11053630000140|0|94019090|1681|PC|5,02|10,00|50,20|0,00||0,00|0,00|0,00||
|H030|0|11053630000140|0|84212300|1682|PC|19,32|7,00|135,24|0,00||0,00|0,00|0,00||
|H030|0|11053630000140|0|82029100|1687|PC|0,00|1,00|0,00|0,00||0,00|0,00|0,00||
|H030|0|11053630000140|0|82079000|1688|PC|5,00|11,00|55,00|0,00||0,00|0,00|0,00||
|H030|0|11053630000140|0|84818096|1694|PC|8,96|7,00|62,72|0,00||0,00|0,00|0,00||
|H030|0|11053630000140|0|73182200|1695|PC|0,00|12,00|0,00|0,00||0,00|0,00|0,00||
|H030|0|11053630000140|0|73181600|1696|PC|0,00|8,00|0,00|0,00||0,00|0,00|0,00||
|H030|0|11053630000140|0|73170090|1697|PC|2,41|14,00|33,74|0,00||0,00|0,00|0,00||
|H030|0|11053630000140|0|73181500|1698|PC|0,49|17,00|8,33|0,00||0,00|0,00|0,00||
|H030|0|11053630000140|0|84329000|1700|PC|28,70|33,00|947,10|0,00||0,00|0,00|0,00||
|H030|0|11053630000140|0|87089990|1706|PC|0,00|1,00|0,00|0,00||0,00|0,00|0,00||
|H030|0|11053630000140|0|84818092|1709|PC|57,72|4,00|230,88|0,00||0,00|0,00|0,00||
|H030|0|11053630000140|0|40093100|1710|PC|0,00|2,00|0,00|0,00||0,00|0,00|0,00||
|H030|0|11053630000140|0|40091100|1711|PC|93,68|1,00|93,68|0,00||0,00|0,00|0,00||
|H030|0|11053630000140|0|40169300|1712|PC|8,66|12,00|103,92|0,00||0,00|0,00|0,00||
|H030|0|11053630000140|0|87084090|1714|PC|212,97|2,00|425,94|0,00||0,00|0,00|0,00||
|H030|0|11053630000140|9|00853650|1726|UN|0,00|13,00|0,00|0,00||0,00|0,00|0,00||
|H030|0|11053630000140|0|73182900|1733|PC|1,62|4,00|6,48|0,00||0,00|0,00|0,00||
|H030|0|11053630000140|0|73182900|1739|PC|9,75|2,00|19,50|0,00||0,00|0,00|0,00||
|H030|0|11053630000140|0|87089990|1744|PC|0,00|3,00|0,00|0,00||0,00|0,00|0,00||
|H030|0|11053630000140|0|84212300|1745|PC|31,51|1,00|31,51|0,00||0,00|0,00|0,00||
|H030|0|11053630000140|0|39235000|1748|PC|0,00|1,00|0,00|0,00||0,00|0,00|0,00||
|H030|0|11053630000140|0|73071910|1752|PC|12,05|2,00|24,10|0,00||0,00|0,00|0,00||
|H030|0|11053630000140|0|40169300|1753|PC|0,56|22,00|12,32|0,00||0,00|0,00|0,00||
|H030|0|11053630000140|0|84819090|1754|PC|195,47|2,00|390,94|0,00||0,00|0,00|0,00||
|H030|0|11053630000140|0|40169300|1755|PC|172,66|1,00|172,66|0,00||0,00|0,00|0,00||
|H030|0|11053630000140|0|87089990|1758|PC|216,96|1,00|216,96|0,00||0,00|0,00|0,00||
|H030|0|11053630000140|0|87089990|1759|PC|221,08|1,00|221,08|0,00||0,00|0,00|0,00||
|H030|0|11053630000140|0|73182900|1761|PC|0,00|4,00|0,00|0,00||0,00|0,00|0,00||
|H030|0|11053630000140|0|84219999|1763|PC|50,67|1,00|50,67|0,00||0,00|0,00|0,00||
|H030|0|11053630000140|0|73181500|1764|PC|0,00|8,00|0,00|0,00||0,00|0,00|0,00||
|H030|0|11053630000140|0|40169300|1767|PC|5,81|5,00|29,05|0,00||0,00|0,00|0,00||
|H030|0|11053630000140|0|73182900|1768|PC|43,54|1,00|43,54|0,00||0,00|0,00|0,00||
|H030|0|11053630000140|0|84833029|1770|PC|81,92|1,00|81,92|0,00||0,00|0,00|0,00||
|H030|0|11053630000140|0|73182900|1771|PC|46,72|1,00|46,72|0,00||0,00|0,00|0,00||
|H030|0|11053630000140|0|40169300|1772|PC|33,77|2,00|67,54|0,00||0,00|0,00|0,00||
|H030|0|11053630000140|0|40169300|1773|PC|52,07|4,00|208,28|0,00||0,00|0,00|0,00||
|H030|0|11053630000140|0|84824000|1774|PC|12,00|1,00|12,00|0,00||0,00|0,00|0,00||
|H030|0|11053630000140|0|87089990|1778|PC|6,39|8,00|51,12|0,00||0,00|0,00|0,00||
|H030|0|11053630000140|0|84329000|1779|PC|17,23|6,00|103,38|0,00||0,00|0,00|0,00||
|H030|0|11053630000140|0|84329000|1780|PC|7,29|6,00|43,72|0,00||0,00|0,00|0,00||
|H030|0|11053630000140|0|40169300|1782|PC|107,05|1,00|107,05|0,00||0,00|0,00|0,00||
|H030|0|11053630000140|0|84212990|1783|PC|24,67|2,00|49,34|0,00||0,00|0,00|0,00||
|H030|0|11053630000140|0|73182400|1784|PC|13,79|3,00|41,37|0,00||0,00|0,00|0,00||
|H030|0|11053630000140|0|87089300|1786|PC|154,55|1,00|154,55|0,00||0,00|0,00|0,00||
|H030|0|11053630000140|0|84842000|1815|PC|0,00|2,00|0,00|0,00||0,00|0,00|0,00||
|H030|0|11053630000140|0|40169300|1817|PC|26,73|1,00|26,73|0,00||0,00|0,00|0,00||
|H030|0|11053630000140|0|40169300|1819|PC|0,00|1,00|0,00|0,00||0,00|0,00|0,00||
|H030|0|11053630000140|0|40169990|1821|PC|0,00|1,00|0,00|0,00||0,00|0,00|0,00||
|H030|0|11053630000140|0|76161000|1823|PC|0,00|1,00|0,00|0,00||0,00|0,00|0,00||
|H030|0|11053630000140|0|76161000|1824|PC|0,00|3,00|0,00|0,00||0,00|0,00|0,00||
|H030|0|11053630000140|0|84212990|1829|PC|0,00|5,00|0,00|0,00||0,00|0,00|0,00||
|H030|0|11053630000140|0|87089990|1830|PC|14,42|1,00|14,42|0,00||0,00|0,00|0,00||
|H030|0|11053630000140|0|87089990|1831|PC|257,33|1,00|257,33|0,00||0,00|0,00|0,00||
|H030|0|11053630000140|0|87089990|1832|PC|20,00|1,00|20,00|0,00||0,00|0,00|0,00||
|H030|0|11053630000140|0|87089990|1834|PC|382,00|1,00|382,00|0,00||0,00|0,00|0,00||
|H030|0|11053630000140|0|73181500|1837|PC|8,61|8,00|68,88|0,00||0,00|0,00|0,00||
|H030|0|11053630000140|0|87149600|1841|PC|0,00|1,00|0,00|0,00||0,00|0,00|0,00||
|H030|0|11053630000140|0|84212990|1842|PC|71,81|3,00|215,43|0,00||0,00|0,00|0,00||
|H030|0|11053630000140|0|73182900|1843|PC|0,00|1,00|0,00|0,00||0,00|0,00|0,00||
|H030|0|11053630000140|0|73071990|1844|PC|40,80|3,00|122,40|0,00||0,00|0,00|0,00||
|H030|0|11053630000140|0|40169300|1846|PC|16,03|5,00|80,15|0,00||0,00|0,00|0,00||
|H030|0|11053630000140|0|87083011|1848|PC|26,03|11,00|286,33|0,00||0,00|0,00|0,00||
|H030|0|11053630000140|0|40169300|1851|PC|4,76|4,00|19,04|0,00||0,00|0,00|0,00||
|H030|0|11053630000140|0|74153300|1856|PC|0,00|4,00|0,00|0,00||0,00|0,00|0,00||
|H030|0|11053630000140|0|40103200|1857|PC|2,37|4,00|9,48|0,00||0,00|0,00|0,00||
|H030|0|11053630000140|0|73202010|1859|PC|0,00|5,00|0,00|0,00||0,00|0,00|0,00||
|H030|0|11053630000140|0|40103200|1861|PC|37,96|3,00|113,88|0,00||0,00|0,00|0,00||
|H030|0|11053630000140|0|84833090|1862|PC|85,57|1,00|85,57|0,00||0,00|0,00|0,00||
|H030|0|11053630000140|0|87089300|1864|PC|1132,07|1,00|1132,07|0,00||0,00|0,00|0,00||
|H030|0|11053630000140|0|87089990|1867|PC|0,00|2,00|0,00|0,00||0,00|0,00|0,00||
|H030|0|11053630000140|0|84822010|1871|PC|25,28|6,00|151,68|0,00||0,00|0,00|0,00||
|H030|0|11053630000140|0|84822010|1872|PC|29,13|7,00|203,91|0,00||0,00|0,00|0,00||
|H030|0|11053630000140|0|40169300|1873|PC|0,23|154,00|35,42|0,00||0,00|0,00|0,00||
|H030|0|11053630000140|0|40169300|1874|PC|0,00|171,00|0,00|0,00||0,00|0,00|0,00||
|H030|0|11053630000140|0|38190000|1875|PC|7,10|8,00|56,80|0,00||0,00|0,00|0,00||
|H030|0|11053630000140|0|82041100|1876|PC|0,00|2,00|0,00|0,00||0,00|0,00|0,00||
|H030|0|11053630000140|0|84329000|1880|PC|130,07|6,00|780,42|0,00||0,00|0,00|0,00||
|H030|0|11053630000140|0|84329000|1887|PC|9,67|4,00|38,68|0,00||0,00|0,00|0,00||
|H030|0|11053630000140|0|40169300|1889|PC|0,00|9,00|0,00|0,00||0,00|0,00|0,00||
|H030|0|11053630000140|0|40169300|1890|PC|0,00|6,00|0,00|0,00||0,00|0,00|0,00||
|H030|0|11053630000140|0|73181500|1892|PC|0,00|7,00|0,00|0,00||0,00|0,00|0,00||
|H030|0|11053630000140|0|40169300|1893|PC|17,24|5,00|86,20|0,00||0,00|0,00|0,00||
|H030|0|11053630000140|0|73181600|1894|PC|15,51|1,00|15,51|0,00||0,00|0,00|0,00||
|H030|0|11053630000140|0|73181600|1895|PC|16,83|1,00|16,83|0,00||0,00|0,00|0,00||
|H030|0|11053630000140|0|73181500|1899|PC|0,00|3,00|0,00|0,00||0,00|0,00|0,00||
|H030|0|11053630000140|0|73182200|1900|PC|0,00|44,00|0,00|0,00||0,00|0,00|0,00||
|H030|0|11053630000140|0|40103200|1901|PC|26,02|15,00|390,30|0,00||0,00|0,00|0,00||
|H030|0|11053630000140|0|40103300|1903|PC|13,11|8,00|104,88|0,00||0,00|0,00|0,00||
|H030|0|11053630000140|0|40169300|1904|PC|4,12|3,00|12,36|0,00||0,00|0,00|0,00||
|H030|0|11053630000140|0|40169300|1905|PC|2,84|1,00|2,84|0,00||0,00|0,00|0,00||
|H030|0|11053630000140|0|40169300|1907|PC|8,55|6,00|51,30|0,00||0,00|0,00|0,00||
|H030|0|11053630000140|0|40169300|1908|PC|5,83|2,00|11,66|0,00||0,00|0,00|0,00||
|H030|0|11053630000140|0|40169300|1909|PC|0,00|5,00|0,00|0,00||0,00|0,00|0,00||
|H030|0|11053630000140|0|40169300|1910|PC|3,33|1,00|3,33|0,00||0,00|0,00|0,00||
|H030|0|11053630000140|0|40169300|1911|PC|42,52|5,00|212,60|0,00||0,00|0,00|0,00||
|H030|0|11053630000140|0|40169300|1912|PC|7,44|6,00|44,64|0,00||0,00|0,00|0,00||
|H030|0|11053630000140|0|40169300|1913|PC|3,90|7,00|27,30|0,00||0,00|0,00|0,00||
|H030|0|11053630000140|0|40169300|1914|PC|0,00|1,00|0,00|0,00||0,00|0,00|0,00||
|H030|0|11053630000140|0|40169300|1915|PC|74,75|2,00|149,50|0,00||0,00|0,00|0,00||
|H030|0|11053630000140|0|40169300|1917|PC|8,34|1,00|8,34|0,00||0,00|0,00|0,00||
|H030|0|11053630000140|0|40169300|1918|PC|0,00|10,00|0,00|0,00||0,00|0,00|0,00||
|H030|0|11053630000140|0|40169300|1919|PC|9,42|3,00|28,26|0,00||0,00|0,00|0,00||
|H030|0|11053630000140|0|74153900|1921|PC|0,00|1,00|0,00|0,00||0,00|0,00|0,00||
|H030|0|11053630000140|0|84249090|1924|PC|426,07|1,00|426,07|0,00||0,00|0,00|0,00||
|H030|0|11053630000140|0|84839000|1929|PC|0,00|2,00|0,00|0,00||0,00|0,00|0,00||
|H030|0|11053630000140|0|73069090|1930|PC|32,54|2,00|65,08|0,00||0,00|0,00|0,00||
|H030|0|11053630000140|0|73069090|1931|PC|40,69|2,00|81,38|0,00||0,00|0,00|0,00||
|H030|0|11053630000140|0|84839000|1932|PC|0,00|3,00|0,00|0,00||0,00|0,00|0,00||
|H030|0|11053630000140|0|84839000|1933|PC|0,00|2,00|0,00|0,00||0,00|0,00|0,00||
|H030|0|11053630000140|0|84839000|1934|PC|23,91|4,00|95,64|0,00||0,00|0,00|0,00||
|H030|0|11053630000140|0|84839000|1935|PC|0,00|1,00|0,00|0,00||0,00|0,00|0,00||
|H030|0|11053630000140|0|84839000|1936|PC|0,00|3,00|0,00|0,00||0,00|0,00|0,00||
|H030|0|11053630000140|0|87085099|1937|PC|27,52|4,00|110,10|0,00||0,00|0,00|0,00||
|H030|0|11053630000140|0|84839000|1938|PC|39,06|2,00|78,12|0,00||0,00|0,00|0,00||
|H030|0|11053630000140|0|84839000|1939|PC|0,00|2,00|0,00|0,00||0,00|0,00|0,00||
|H030|0|11053630000140|0|84839000|1942|PC|0,00|1,00|0,00|0,00||0,00|0,00|0,00||
|H030|0|11053630000140|0|84839000|1943|PC|24,35|2,00|48,70|0,00||0,00|0,00|0,00||
|H030|0|11053630000140|0|84839000|1944|PC|0,00|1,00|0,00|0,00||0,00|0,00|0,00||
|H030|0|11053630000140|0|84839000|1945|PC|0,00|2,00|0,00|0,00||0,00|0,00|0,00||
|H030|0|11053630000140|0|73181600|1946|PC|0,00|4,00|0,00|0,00||0,00|0,00|0,00||
|H030|0|11053630000140|0|84329000|1949|PC|0,00|1,00|0,00|0,00||0,00|0,00|0,00||
|H030|0|11053630000140|0|84329000|1967|PC|0,00|4,00|0,00|0,00||0,00|0,00|0,00||
|H030|0|11053630000140|0|85365090|1969|PC|162,40|2,00|324,80|0,00||0,00|0,00|0,00||
|H030|0|11053630000140|0|87089990|1971|PC|103,04|1,00|103,04|0,00||0,00|0,00|0,00||
|H030|0|11053630000140|0|87089990|1975|PC|11,75|3,00|35,25|0,00||0,00|0,00|0,00||
|H030|0|11053630000140|0|73182900|1977|PC|80,73|2,00|161,46|0,00||0,00|0,00|0,00||
|H030|0|11053630000140|0|87089300|1978|PC|250,87|8,00|2006,96|0,00||0,00|0,00|0,00||
|H030|0|11053630000140|0|85122011|1980|PC|62,86|4,00|251,44|0,00||0,00|0,00|0,00||
|H030|0|11053630000140|0|87089300|1981|PC|0,00|1,00|0,00|0,00||0,00|0,00|0,00||
|H030|0|11053630000140|0|73181600|1984|PC|1,70|10,00|17,00|0,00||0,00|0,00|0,00||
|H030|0|11053630000140|0|73181600|1985|PC|0,97|3,00|2,91|0,00||0,00|0,00|0,00||
|H030|0|11053630000140|0|40103200|1986|PC|11,36|2,00|22,72|0,00||0,00|0,00|0,00||
|H030|0|11053630000140|0|40093100|1988|PC|0,00|2,00|0,00|0,00||0,00|0,00|0,00||
|H030|0|11053630000140|0|73181500|1989|PC|0,00|2,00|0,00|0,00||0,00|0,00|0,00||
|H030|0|11053630000140|0|73182100|1990|PC|1,01|10,00|10,10|0,00||0,00|0,00|0,00||
|H030|0|11053630000140|0|73261900|1991|PC|2,71|1,00|2,71|0,00||0,00|0,00|0,00||
|H030|0|11053630000140|0|73261900|1992|PC|6,37|3,00|19,11|0,00||0,00|0,00|0,00||
|H030|0|11053630000140|0|87089412|1994|PC|72,62|4,00|290,49|0,00||0,00|0,00|0,00||
|H030|0|11053630000140|0|87089412|1995|PC|0,00|1,00|0,00|0,00||0,00|0,00|0,00||
|H030|0|11053630000140|0|87089412|1996|PC|0,00|1,00|0,00|0,00||0,00|0,00|0,00||
|H030|0|11053630000140|0|87089990|1997|PC|133,40|1,00|133,40|0,00||0,00|0,00|0,00||
|H030|0|11053630000140|0|87089990|1998|PC|0,00|4,00|0,00|0,00||0,00|0,00|0,00||
|H030|0|11053630000140|0|87089990|1999|PC|39,07|1,00|39,07|0,00||0,00|0,00|0,00||
|H030|0|11053630000140|0|84329000|2015|PC|60,49|24,00|1451,76|0,00||0,00|0,00|0,00||
|H030|0|11053630000140|0|84329000|2016|PC|54,87|3,00|164,61|0,00||0,00|0,00|0,00||
|H030|0|11053630000140|0|39269090|2018|PC|0,00|1,00|0,00|0,00||0,00|0,00|0,00||
|H030|0|11053630000140|0|39269090|2021|PC|0,00|1,00|0,00|0,00||0,00|0,00|0,00||
|H030|0|11053630000140|0|84136011|2030|PC|0,00|1,00|0,00|0,00||0,00|0,00|0,00||
|H030|0|11053630000140|0|84831090|2031|PC|0,00|8,00|0,00|0,00||0,00|0,00|0,00||
|H030|0|11053630000140|0|84212990|2032|PC|76,10|2,00|152,20|0,00||0,00|0,00|0,00||
|H030|0|11053630000140|0|73181500|2039|PC|5,23|3,00|15,69|0,00||0,00|0,00|0,00||
|H030|0|11053630000140|0|73182200|2040|PC|0,00|4,00|0,00|0,00||0,00|0,00|0,00||
|H030|0|11053630000140|0|40069000|2041|PC|2,62|5,00|13,10|0,00||0,00|0,00|0,00||
|H030|0|11053630000140|0|40069000|2042|PC|2,75|6,00|16,50|0,00||0,00|0,00|0,00||
|H030|0|11053630000140|0|87089990|2043|PC|0,00|1,00|0,00|0,00||0,00|0,00|0,00||
|H030|0|11053630000140|0|84099979|2045|PC|124,49|4,00|497,96|0,00||0,00|0,00|0,00||
|H030|0|11053630000140|0|84099979|2046|PC|0,00|2,00|0,00|0,00||0,00|0,00|0,00||
|H030|0|11053630000140|0|84099979|2047|PC|210,52|8,00|1684,16|0,00||0,00|0,00|0,00||
|H030|0|11053630000140|0|87089990|2050|PC|0,00|1,00|0,00|0,00||0,00|0,00|0,00||
|H030|0|11053630000140|0|84329000|2051|PC|24,13|6,00|144,78|0,00||0,00|0,00|0,00||
|H030|0|11053630000140|0|84329000|2053|PC|24,12|6,00|144,72|0,00||0,00|0,00|0,00||
|H030|0|11053630000140|0|84329000|2056|PC|103,35|2,00|206,70|0,00||0,00|0,00|0,00||
|H030|0|11053630000140|0|84212990|2059|PC|14,25|4,00|57,00|0,00||0,00|0,00|0,00||
|H030|0|11053630000140|0|84139190|2062|PC|63,16|3,00|189,48|0,00||0,00|0,00|0,00||
|H030|0|11053630000140|0|84819090|2063|PC|66,47|2,00|132,94|0,00||0,00|0,00|0,00||
|H030|0|11053630000140|0|40169300|2064|PC|0,35|25,00|8,75|0,00||0,00|0,00|0,00||
|H030|0|11053630000140|0|74122000|2065|PC|67,95|5,00|339,75|0,00||0,00|0,00|0,00||
|H030|0|11053630000140|0|73182900|2066|PC|0,00|5,00|0,00|0,00||0,00|0,00|0,00||
|H030|0|11053630000140|0|84213100|2068|PC|0,00|1,00|0,00|0,00||0,00|0,00|0,00||
|H030|0|11053630000140|0|84133090|2070|PC|102,10|3,00|306,30|0,00||0,00|0,00|0,00||
|H030|0|11053630000140|0|40169300|2074|PC|17,19|2,00|34,38|0,00||0,00|0,00|0,00||
|H030|0|11053630000140|0|84314929|2097|PC|349,80|1,00|349,80|0,00||0,00|0,00|0,00||
|H030|0|11053630000140|0|84329000|2099|PC|32,42|47,00|1523,74|0,00||0,00|0,00|0,00||
|H030|0|11053630000140|0|84133090|2105|PC|153,84|2,00|307,68|0,00||0,00|0,00|0,00||
|H030|0|11053630000140|0|84819090|2107|PC|0,00|2,00|0,00|0,00||0,00|0,00|0,00||
|H030|0|11053630000140|0|39269090|2109|PC|0,81|9,00|7,29|0,00||0,00|0,00|0,00||
|H030|0|11053630000140|0|39269090|2111|PC|1,13|20,00|22,60|0,00||0,00|0,00|0,00||
|H030|0|11053630000140|0|84822010|2112|PC|36,22|10,00|362,20|0,00||0,00|0,00|0,00||
|H030|0|11053630000140|0|84822010|2121|PC|59,91|2,00|119,82|0,00||0,00|0,00|0,00||
|H030|0|11053630000140|0|68138910|2132|PC|7,53|16,00|120,48|0,00||0,00|0,00|0,00||
|H030|0|11053630000140|0|68138910|2133|PC|7,53|19,00|143,07|0,00||0,00|0,00|0,00||
|H030|0|11053630000140|0|68138910|2134|PC|6,93|12,00|83,16|0,00||0,00|0,00|0,00||
|H030|0|11053630000140|0|73182100|2136|PC|0,14|1238,00|173,32|0,00||0,00|0,00|0,00||
|H030|0|11053630000140|0|73181500|2137|PC|0,81|13,00|10,53|0,00||0,00|0,00|0,00||
|H030|0|11053630000140|0|40169300|2140|PC|0,00|2,00|0,00|0,00||0,00|0,00|0,00||
|H030|0|11053630000140|0|40169300|2141|PC|0,00|2,00|0,00|0,00||0,00|0,00|0,00||
|H030|0|11053630000140|0|84329000|2142|PC|0,00|3,00|0,00|0,00||0,00|0,00|0,00||
|H030|0|11053630000140|0|84329000|2143|PC|0,00|4,00|0,00|0,00||0,00|0,00|0,00||
|H030|0|11053630000140|0|84249090|2146|PC|0,79|47,00|37,13|0,00||0,00|0,00|0,00||
|H030|0|11053630000140|0|40169300|2171|PC|13,89|3,00|41,67|0,00||0,00|0,00|0,00||
|H030|0|11053630000140|0|87089990|2174|PC|0,00|1,00|0,00|0,00||0,00|0,00|0,00||
|H030|0|11053630000140|0|40169300|2176|PC|10,17|6,00|61,02|0,00||0,00|0,00|0,00||
|H030|0|11053630000140|0|73269090|2178|PC|0,77|85,00|65,45|0,00||0,00|0,00|0,00||
|H030|0|11053630000140|0|73269090|2179|PC|0,77|157,00|120,89|0,00||0,00|0,00|0,00||
|H030|0|11053630000140|0|87089300|2181|PC|310,49|2,00|620,98|0,00||0,00|0,00|0,00||
|H030|0|11053630000140|0|84133090|2186|PC|230,60|1,00|230,60|0,00||0,00|0,00|0,00||
|H030|0|11053630000140|0|40169300|2189|PC|3,72|21,00|78,12|0,00||0,00|0,00|0,00||
|H030|0|11053630000140|0|73182900|2192|PC|0,00|6,00|0,00|0,00||0,00|0,00|0,00||
|H030|0|11053630000140|0|73202090|2194|PC|0,67|2,00|1,34|0,00||0,00|0,00|0,00||
|H030|0|11053630000140|0|84842000|2196|PC|0,42|12,00|5,04|0,00||0,00|0,00|0,00||
|H030|0|11053630000140|0|84849000|2197|PC|136,05|1,00|136,05|0,00||0,00|0,00|0,00||
|H030|0|11053630000140|0|87085091|2200|PC|628,32|1,00|628,32|0,00||0,00|0,00|0,00||
|H030|0|11053630000140|0|87089990|2201|PC|0,00|1,00|0,00|0,00||0,00|0,00|0,00||
|H030|0|11053630000140|0|87089990|2202|PC|61,69|1,00|61,69|0,00||0,00|0,00|0,00||
|H030|0|11053630000140|0|73182900|2210|PC|8,59|2,00|17,18|0,00||0,00|0,00|0,00||
|H030|0|11053630000140|0|84842000|2211|PC|0,50|3,00|1,50|0,00||0,00|0,00|0,00||
|H030|0|11053630000140|0|87084090|2214|PC|280,08|1,00|280,08|0,00||0,00|0,00|0,00||
|H030|0|11053630000140|0|84212300|2220|UN|34,50|1,00|34,50|0,00||0,00|0,00|0,00||
|H030|0|11053630000140|9|00853650|2222|UN|0,00|1,00|0,00|0,00||0,00|0,00|0,00||
|H030|0|11053630000140|0|84329000|2223|PC|143,89|9,00|1295,01|0,00||0,00|0,00|0,00||
|H030|0|11053630000140|0|84329000|2224|PC|209,89|9,00|1889,01|0,00||0,00|0,00|0,00||
|H030|0|11053630000140|0|73182200|2228|PC|2,85|9,00|25,65|0,00||0,00|0,00|0,00||
|H030|0|11053630000140|0|84831019|2229|PC|256,44|1,00|256,44|0,00||0,00|0,00|0,00||
|H030|0|11053630000140|0|73182900|2230|PC|0,00|3,00|0,00|0,00||0,00|0,00|0,00||
|H030|0|11053630000140|0|73181500|2231|PC|0,00|1,00|0,00|0,00||0,00|0,00|0,00||
|H030|0|11053630000140|0|84819090|2232|PC|67,93|2,00|135,86|0,00||0,00|0,00|0,00||
|H030|0|11053630000140|0|73181600|2233|PC|0,00|1,00|0,00|0,00||0,00|0,00|0,00||
|H030|0|11053630000140|0|40169300|2239|PC|2,70|7,00|18,86|0,00||0,00|0,00|0,00||
|H030|0|11053630000140|0|84099111|2240|PC|36,65|3,00|109,95|0,00||0,00|0,00|0,00||
|H030|0|11053630000140|0|84249090|2241|PC|0,00|1,00|0,00|0,00||0,00|0,00|0,00||
|H030|0|11053630000140|0|84833029|2242|PC|0,00|1,00|0,00|0,00||0,00|0,00|0,00||
|H030|0|11053630000140|0|40103200|2243|PC|0,00|4,00|0,00|0,00||0,00|0,00|0,00||
|H030|0|11053630000140|0|73071990|2245|PC|11,65|5,00|58,25|0,00||0,00|0,00|0,00||
|H030|0|11053630000140|0|84835010|2247|PC|178,17|1,00|178,17|0,00||0,00|0,00|0,00||
|H030|0|11053630000140|0|73181500|2249|PC|0,47|8,00|3,76|0,00||0,00|0,00|0,00||
|H030|0|11053630000140|0|73202090|2250|PC|1,40|3,00|4,20|0,00||0,00|0,00|0,00||
|H030|0|11053630000140|0|73182200|2252|PC|34,81|1,00|34,81|0,00||0,00|0,00|0,00||
|H030|0|11053630000140|0|84819090|2259|PC|144,64|1,00|144,64|0,00||0,00|0,00|0,00||
|H030|0|11053630000140|0|39269090|2260|PC|4,03|6,00|24,18|0,00||0,00|0,00|0,00||
|H030|0|11053630000140|0|84249090|2262|PC|0,00|2,00|0,00|0,00||0,00|0,00|0,00||
|H030|0|11053630000140|0|73181900|2263|PC|10,94|5,00|54,70|0,00||0,00|0,00|0,00||
|H030|0|11053630000140|0|84329000|2264|PC|15,49|1,00|15,49|0,00||0,00|0,00|0,00||
|H030|0|11053630000140|0|73079900|2265|PC|22,72|1,00|22,72|0,00||0,00|0,00|0,00||
|H030|0|11053630000140|0|84249090|2266|PC|0,00|2,00|0,00|0,00||0,00|0,00|0,00||
|H030|0|11053630000140|0|87089990|2267|PC|0,00|1,00|0,00|0,00||0,00|0,00|0,00||
|H030|0|11053630000140|0|73181900|2268|PC|2,47|10,00|24,70|0,00||0,00|0,00|0,00||
|H030|0|11053630000140|0|40092190|2272|PC|31,15|2,00|62,30|0,00||0,00|0,00|0,00||
|H030|0|11053630000140|0|73182100|2275|PC|0,00|1,00|0,00|0,00||0,00|0,00|0,00||
|H030|0|11053630000140|0|73182400|2277|PC|4,58|10,00|45,80|0,00||0,00|0,00|0,00||
|H030|0|11053630000140|0|85122011|2279|PC|0,00|2,00|0,00|0,00||0,00|0,00|0,00||
|H030|0|11053630000140|0|87089990|2280|PC|5,75|4,00|23,00|0,00||0,00|0,00|0,00||
|H030|0|11053630000140|0|87089990|2281|PC|6,92|6,00|41,52|0,00||0,00|0,00|0,00||
|H030|0|11053630000140|0|87089990|2282|PC|175,75|2,00|351,50|0,00||0,00|0,00|0,00||
|H030|0|11053630000140|0|87089990|2284|PC|9,20|1,00|9,20|0,00||0,00|0,00|0,00||
|H030|0|11053630000140|0|40092210|2288|PC|0,00|1,00|0,00|0,00||0,00|0,00|0,00||
|H030|0|11053630000140|0|40092210|2289|PC|0,00|2,00|0,00|0,00||0,00|0,00|0,00||
|H030|0|11053630000140|0|84136011|2290|UN|360,13|1,00|360,13|0,00||0,00|0,00|0,00||
|H030|0|11053630000140|0|84136011|2291|UN|393,79|1,00|393,79|0,00||0,00|0,00|0,00||
|H030|0|11053630000140|0|73182900|2300|PC|0,00|1,00|0,00|0,00||0,00|0,00|0,00||
|H030|0|11053630000140|0|40093100|2307|UN|94,84|1,00|94,84|0,00||0,00|0,00|0,00||
|H030|0|11053630000140|0|87089990|2310|PC|0,00|1,00|0,00|0,00||0,00|0,00|0,00||
|H030|0|11053630000140|0|40169300|2312|PC|5,89|1,00|5,89|0,00||0,00|0,00|0,00||
|H030|0|11053630000140|0|84139190|2313|PC|355,84|1,00|355,84|0,00||0,00|0,00|0,00||
|H030|0|11053630000140|0|84849000|2314|PC|122,41|1,00|122,41|0,00||0,00|0,00|0,00||
|H030|0|11053630000140|0|84812090|2317|PC|0,00|1,00|0,00|0,00||0,00|0,00|0,00||
|H030|0|11053630000140|0|87089990|2318|PC|7,24|10,00|72,40|0,00||0,00|0,00|0,00||
|H030|0|11053630000140|0|84136011|2319|UN|0,00|1,00|0,00|0,00||0,00|0,00|0,00||
|H030|0|11053630000140|0|40169300|2341|PC|0,00|1,00|0,00|0,00||0,00|0,00|0,00||
|H030|0|11053630000140|0|87089990|2348|PC|169,92|1,00|169,92|0,00||0,00|0,00|0,00||
|H030|0|11053630000140|0|73181500|2349|PC|1,96|10,00|19,60|0,00||0,00|0,00|0,00||
|H030|0|11053630000140|0|40169300|2350|PC|20,87|5,00|104,35|0,00||0,00|0,00|0,00||
|H030|0|11053630000140|0|84329000|2352|UN|924,46|1,00|924,46|0,00||0,00|0,00|0,00||
|H030|0|11053630000140|0|87089300|2353|PC|0,00|2,00|0,00|0,00||0,00|0,00|0,00||
|H030|0|11053630000140|0|84219999|2358|PC|65,00|1,00|65,00|0,00||0,00|0,00|0,00||
|H030|0|11053630000140|0|84139190|2365|UN|5,51|10,00|55,10|0,00||0,00|0,00|0,00||
|H030|0|11053630000140|0|84329000|2367|PC|503,63|1,00|503,63|0,00||0,00|0,00|0,00||
|H030|0|11053630000140|0|40169300|2369|PC|0,00|6,00|0,00|0,00||0,00|0,00|0,00||
|H030|0|11053630000140|0|40169300|2371|PC|0,36|13,00|4,68|0,00||0,00|0,00|0,00||
|H030|0|11053630000140|0|40169300|2372|PC|0,60|3,00|1,80|0,00||0,00|0,00|0,00||
|H030|0|11053630000140|0|73181500|2374|PC|0,00|9,00|0,00|0,00||0,00|0,00|0,00||
|H030|0|11053630000140|0|73181500|2375|PC|0,99|16,00|15,84|0,00||0,00|0,00|0,00||
|H030|0|11053630000140|0|84835010|2378|PC|634,61|2,00|1269,22|0,00||0,00|0,00|0,00||
|H030|0|11053630000140|0|85361000|2379|PC|0,57|118,00|67,26|0,00||0,00|0,00|0,00||
|H030|0|11053630000140|0|87085099|2387|PC|24,80|5,00|124,00|0,00||0,00|0,00|0,00||
|H030|0|11053630000140|0|84329000|2389|PC|5,70|2,00|11,40|0,00||0,00|0,00|0,00||
|H030|0|11053630000140|0|40169300|2390|PC|0,00|3,00|0,00|0,00||0,00|0,00|0,00||
|H030|0|11053630000140|0|73182900|2391|PC|1,40|7,00|9,80|0,00||0,00|0,00|0,00||
|H030|0|11053630000140|0|87089990|2393|PC|0,00|1,00|0,00|0,00||0,00|0,00|0,00||
|H030|0|11053630000140|0|84099979|2394|PC|75,93|1,00|75,93|0,00||0,00|0,00|0,00||
|H030|0|11053630000140|0|73181500|2396|PC|5,98|5,00|29,90|0,00||0,00|0,00|0,00||
|H030|0|11053630000140|0|84329000|2397|PC|1,83|38,00|69,46|0,00||0,00|0,00|0,00||
|H030|0|11053630000140|0|73181500|2400|PC|0,00|9,00|0,00|0,00||0,00|0,00|0,00||
|H030|0|11053630000140|0|87084090|2402|PC|0,00|1,00|0,00|0,00||0,00|0,00|0,00||
|H030|0|11053630000140|0|73181600|2403|PC|0,00|2,00|0,00|0,00||0,00|0,00|0,00||
|H030|0|11053630000140|0|84814000|2404|PC|129,74|4,00|518,96|0,00||0,00|0,00|0,00||
|H030|0|11053630000140|0|40169300|2406|PC|21,57|1,00|21,57|0,00||0,00|0,00|0,00||
|H030|0|11053630000140|0|87089990|2407|PC|0,00|1,00|0,00|0,00||0,00|0,00|0,00||
|H030|0|11053630000140|0|73181600|2408|PC|0,00|2,00|0,00|0,00||0,00|0,00|0,00||
|H030|0|11053630000140|0|40169300|2409|PC|6,89|1,00|6,89|0,00||0,00|0,00|0,00||
|H030|0|11053630000140|0|73181500|2410|PC|0,50|5,00|2,50|0,00||0,00|0,00|0,00||
|H030|0|11053630000140|0|87084090|2416|PC|0,00|2,00|0,00|0,00||0,00|0,00|0,00||
|H030|0|11053630000140|0|87089300|2419|PC|124,08|1,00|124,08|0,00||0,00|0,00|0,00||
|H030|0|11053630000140|0|84314929|2420|PC|0,00|1,00|0,00|0,00||0,00|0,00|0,00||
|H030|0|11053630000140|0|40103300|2423|PC|0,00|2,00|0,00|0,00||0,00|0,00|0,00||
|H030|0|11053630000140|0|84825010|2424|PC|0,00|3,00|0,00|0,00||0,00|0,00|0,00||
|H030|0|11053630000140|0|40103400|2425|PC|0,00|1,00|0,00|0,00||0,00|0,00|0,00||
|H030|0|11053630000140|0|40169300|2427|PC|0,16|23,00|3,68|0,00||0,00|0,00|0,00||
|H030|0|11053630000140|0|84139190|2428|PC|109,40|1,00|109,40|0,00||0,00|0,00|0,00||
|H030|0|11053630000140|0|40169300|2429|PC|0,00|10,00|0,00|0,00||0,00|0,00|0,00||
|H030|0|11053630000140|0|84819090|2430|PC|70,24|2,00|140,48|0,00||0,00|0,00|0,00||
|H030|0|11053630000140|0|84819090|2431|PC|11,26|10,00|112,60|0,00||0,00|0,00|0,00||
|H030|0|11053630000140|0|40169300|2432|PC|0,00|20,00|0,00|0,00||0,00|0,00|0,00||
|H030|0|11053630000140|0|84122110|2434|PC|0,00|1,00|0,00|0,00||0,00|0,00|0,00||
|H030|0|11053630000140|0|73181500|2435|PC|0,00|2,00|0,00|0,00||0,00|0,00|0,00||
|H030|0|11053630000140|0|87089990|2443|PC|13,42|4,00|53,68|0,00||0,00|0,00|0,00||
|H030|0|11053630000140|0|87089412|2444|PC|0,00|1,00|0,00|0,00||0,00|0,00|0,00||
|H030|0|11053630000140|0|87089412|2445|PC|182,20|6,00|1093,20|0,00||0,00|0,00|0,00||
|H030|0|11053630000140|0|87089412|2448|PC|0,00|1,00|0,00|0,00||0,00|0,00|0,00||
|H030|0|11053630000140|0|73182900|2449|PC|0,61|3,00|1,83|0,00||0,00|0,00|0,00||
|H030|0|11053630000140|0|87089990|2451|PC|0,00|1,00|0,00|0,00||0,00|0,00|0,00||
|H030|0|11053630000140|0|73182200|2452|PC|1,40|14,00|19,60|0,00||0,00|0,00|0,00||
|H030|0|11053630000140|0|73182900|2453|PC|0,00|7,00|0,00|0,00||0,00|0,00|0,00||
|H030|0|11053630000140|0|73181500|2458|PC|63,67|3,00|191,01|0,00||0,00|0,00|0,00||
|H030|0|11053630000140|0|87089300|2459|PC|0,00|1,00|0,00|0,00||0,00|0,00|0,00||
|H030|0|11053630000140|0|84821010|2462|PC|21,43|2,00|42,86|0,00||0,00|0,00|0,00||
|H030|0|11053630000140|0|84822010|2464|PC|52,14|6,00|312,84|0,00||0,00|0,00|0,00||
|H030|0|11053630000140|0|90292010|2506|PC|244,38|2,00|488,76|0,00||0,00|0,00|0,00||
|H030|0|11053630000140|0|90303390|2508|PC|91,03|1,00|91,03|0,00||0,00|0,00|0,00||
|H030|0|11053630000140|0|73182100|2509|PC|0,16|65,00|10,40|0,00||0,00|0,00|0,00||
|H030|0|11053630000140|0|73181600|2510|PC|0,15|55,00|8,25|0,00||0,00|0,00|0,00||
|H030|0|11053630000140|0|73182400|2515|PC|3,83|3,00|11,49|0,00||0,00|0,00|0,00||
|H030|0|11053630000140|0|84249090|2516|PC|0,00|4,00|0,00|0,00||0,00|0,00|0,00||
|H030|0|11053630000140|0|73181600|2517|PC|0,00|1,00|0,00|0,00||0,00|0,00|0,00||
|H030|0|11053630000140|0|87089990|2518|PC|104,33|1,00|104,33|0,00||0,00|0,00|0,00||
|H030|0|11053630000140|0|84212300|2521|PC|0,00|3,00|0,00|0,00||0,00|0,00|0,00||
|H030|0|11053630000140|0|40093100|2524|PC|35,01|2,00|70,02|0,00||0,00|0,00|0,00||
|H030|0|11053630000140|0|40103200|2525|PC|10,01|4,00|40,04|0,00||0,00|0,00|0,00||
|H030|0|11053630000140|0|40169300|2526|PC|0,00|6,00|0,00|0,00||0,00|0,00|0,00||
|H030|0|11053630000140|0|40169300|2529|PC|15,27|3,00|45,81|0,00||0,00|0,00|0,00||
|H030|0|11053630000140|0|84133090|2530|PC|216,02|1,00|216,02|0,00||0,00|0,00|0,00||
|H030|0|11053630000140|0|84212990|2531|PC|0,00|3,00|0,00|0,00||0,00|0,00|0,00||
|H030|0|11053630000140|0|84842000|2536|PC|0,84|5,00|4,20|0,00||0,00|0,00|0,00||
|H030|0|11053630000140|0|87089300|2537|PC|7,03|2,00|14,06|0,00||0,00|0,00|0,00||
|H030|0|11053630000140|0|87089990|2538|PC|9,38|7,00|65,66|0,00||0,00|0,00|0,00||
|H030|0|11053630000140|0|85071090|2542|UN|301,00|1,00|301,00|0,00||0,00|0,00|0,00||
|H030|0|11053630000140|0|40103500|2545|PC|32,14|4,00|128,56|0,00||0,00|0,00|0,00||
|H030|0|11053630000140|0|87089990|2546|PC|38,51|1,00|38,51|0,00||0,00|0,00|0,00||
|H030|0|11053630000140|0|84149020|2548|PC|448,41|1,00|448,41|0,00||0,00|0,00|0,00||
|H030|0|11053630000140|0|39174090|2549|PC|3,90|1,00|3,90|0,00||0,00|0,00|0,00||
|H030|0|11053630000140|0|73181500|2550|PC|0,00|6,00|0,00|0,00||0,00|0,00|0,00||
|H030|0|11053630000140|0|73181500|2551|PC|0,00|20,00|0,00|0,00||0,00|0,00|0,00||
|H030|0|11053630000140|0|39269090|2557|PC|4,10|6,00|24,60|0,00||0,00|0,00|0,00||
|H030|0|11053630000140|0|84821010|2558|PC|45,00|1,00|45,00|0,00||0,00|0,00|0,00||
|H030|0|11053630000140|0|87089990|2559|PC|14,13|4,00|56,52|0,00||0,00|0,00|0,00||
|H030|0|11053630000140|0|87089412|2560|PC|54,64|2,00|109,28|0,00||0,00|0,00|0,00||
|H030|0|11053630000140|0|73182100|2562|PC|0,27|10,00|2,70|0,00||0,00|0,00|0,00||
|H030|0|11053630000140|0|73182200|2563|PC|13,03|4,00|52,12|0,00||0,00|0,00|0,00||
|H030|0|11053630000140|0|87084090|2564|PC|0,00|1,00|0,00|0,00||0,00|0,00|0,00||
|H030|0|11053630000140|0|84219999|2567|PC|62,00|1,00|62,00|0,00||0,00|0,00|0,00||
|H030|0|11053630000140|0|84132000|2572|PC|64,02|3,00|192,06|0,00||0,00|0,00|0,00||
|H030|0|11053630000140|0|84133090|2573|PC|106,00|1,00|106,00|0,00||0,00|0,00|0,00||
|H030|0|11053630000140|0|84849000|2575|PC|0,73|4,00|2,92|0,00||0,00|0,00|0,00||
|H030|0|11053630000140|0|87089990|2576|PC|51,78|3,00|155,34|0,00||0,00|0,00|0,00||
|H030|0|11053630000140|0|87089990|2577|PC|10,05|3,00|30,15|0,00||0,00|0,00|0,00||
|H030|0|11053630000140|0|87089990|2581|PC|215,09|2,00|430,18|0,00||0,00|0,00|0,00||
|H030|0|11053630000140|0|84833090|2584|UN|29,75|2,00|59,50|0,00||0,00|0,00|0,00||
|H030|0|11053630000140|0|87089300|2610|PC|247,11|4,00|988,44|0,00||0,00|0,00|0,00||
|H030|0|11053630000140|0|87089300|2611|PC|540,65|2,00|1081,30|0,00||0,00|0,00|0,00||
|H030|0|11053630000140|0|87089990|2613|PC|0,00|1,00|0,00|0,00||0,00|0,00|0,00||
|H030|0|11053630000140|0|87089300|2614|PC|0,00|1,00|0,00|0,00||0,00|0,00|0,00||
|H030|0|11053630000140|0|84136011|2616|PC|534,64|1,00|534,64|0,00||0,00|0,00|0,00||
|H030|0|11053630000140|0|40103200|2617|PC|9,92|6,00|59,52|0,00||0,00|0,00|0,00||
|H030|0|11053630000140|0|87089990|2618|PC|327,00|1,00|327,00|0,00||0,00|0,00|0,00||
|H030|0|11053630000140|0|84329000|2620|PC|15,69|2,00|31,38|0,00||0,00|0,00|0,00||
|H030|0|11053630000140|0|84329000|2621|PC|15,54|22,00|341,98|0,00||0,00|0,00|0,00||
|H030|0|11053630000140|0|84822010|2625|PC|17,86|4,00|71,44|0,00||0,00|0,00|0,00||
|H030|0|11053630000140|0|84839000|2629|PC|0,00|2,00|0,00|0,00||0,00|0,00|0,00||
|H030|0|11053630000140|0|84839000|2630|PC|43,12|2,00|86,24|0,00||0,00|0,00|0,00||
|H030|0|11053630000140|0|40169300|2631|PC|0,00|2,00|0,00|0,00||0,00|0,00|0,00||
|H030|0|11053630000140|0|84133090|2632|PC|85,40|1,00|85,40|0,00||0,00|0,00|0,00||
|H030|0|11053630000140|0|87089412|2635|PC|0,00|1,00|0,00|0,00||0,00|0,00|0,00||
|H030|0|11053630000140|0|87089412|2636|PC|24,07|2,00|48,14|0,00||0,00|0,00|0,00||
|H030|0|11053630000140|0|40169300|2637|PC|0,00|4,00|0,00|0,00||0,00|0,00|0,00||
|H030|0|11053630000140|0|87089990|2638|PC|1,66|1,00|1,66|0,00||0,00|0,00|0,00||
|H030|0|11053630000140|0|87089300|2639|PC|0,00|1,00|0,00|0,00||0,00|0,00|0,00||
|H030|0|11053630000140|0|87089990|2641|PC|0,00|1,00|0,00|0,00||0,00|0,00|0,00||
|H030|0|11053630000140|0|87089990|2642|PC|7,61|3,00|22,83|0,00||0,00|0,00|0,00||
|H030|0|11053630000140|0|40169300|2644|PC|1,71|4,00|6,84|0,00||0,00|0,00|0,00||
|H030|0|11053630000140|0|40169300|2645|PC|4,87|7,00|34,09|0,00||0,00|0,00|0,00||
|H030|0|11053630000140|0|40169300|2646|PC|0,00|2,00|0,00|0,00||0,00|0,00|0,00||
|H030|0|11053630000140|0|40169300|2647|PC|0,00|2,00|0,00|0,00||0,00|0,00|0,00||
|H030|0|11053630000140|0|40169300|2648|PC|0,00|4,00|0,00|0,00||0,00|0,00|0,00||
|H030|0|11053630000140|0|40169300|2649|PC|0,19|12,00|2,28|0,00||0,00|0,00|0,00||
|H030|0|11053630000140|0|40169300|2650|PC|0,22|15,00|3,30|0,00||0,00|0,00|0,00||
|H030|0|11053630000140|0|40169300|2651|PC|2,00|13,00|26,00|0,00||0,00|0,00|0,00||
|H030|0|11053630000140|0|27109900|2652|BD|349,90|4,00|1399,60|0,00||0,00|0,00|0,00||
|H030|0|11053630000140|0|27101932|2654|BD|188,94|1,00|188,94|0,00||0,00|0,00|0,00||
|H030|0|11053630000140|0|84219999|2658|PC|0,00|4,00|0,00|0,00||0,00|0,00|0,00||
|H030|0|11053630000140|0|40161010|2660|PC|9,48|2,00|18,96|0,00||0,00|0,00|0,00||
|H030|0|11053630000140|0|87089990|2662|PC|0,00|2,00|0,00|0,00||0,00|0,00|0,00||
|H030|0|11053630000140|0|87089990|2663|PC|0,00|1,00|0,00|0,00||0,00|0,00|0,00||
|H030|0|11053630000140|0|87089990|2664|PC|0,00|2,00|0,00|0,00||0,00|0,00|0,00||
|H030|0|11053630000140|0|40169300|2668|PC|0,00|1,00|0,00|0,00||0,00|0,00|0,00||
|H030|0|11053630000140|0|87089990|2670|PC|0,00|1,00|0,00|0,00||0,00|0,00|0,00||
|H030|0|11053630000140|0|40092190|2673|PC|0,00|1,00|0,00|0,00||0,00|0,00|0,00||
|H030|0|11053630000140|0|40093290|2674|PC|44,30|1,00|44,30|0,00||0,00|0,00|0,00||
|H030|0|11053630000140|0|87089990|2676|UN|57,80|3,00|173,40|0,00||0,00|0,00|0,00||
|H030|0|11053630000140|0|84833029|2677|PC|152,90|1,00|152,90|0,00||0,00|0,00|0,00||
|H030|0|11053630000140|0|84833029|2678|PC|0,00|1,00|0,00|0,00||0,00|0,00|0,00||
|H030|0|11053630000140|0|40169300|2679|PC|8,99|2,00|17,98|0,00||0,00|0,00|0,00||
|H030|0|11053630000140|0|84219999|2690|PC|0,00|1,00|0,00|0,00||0,00|0,00|0,00||
|H030|0|11053630000140|0|40093100|2693|PC|6,41|3,00|19,23|0,00||0,00|0,00|0,00||
|H030|0|11053630000140|0|73182200|2694|PC|9,50|4,00|38,00|0,00||0,00|0,00|0,00||
|H030|0|11053630000140|0|73182200|2695|PC|13,07|2,00|26,14|0,00||0,00|0,00|0,00||
|H030|0|11053630000140|0|84219999|2696|PC|25,97|1,00|25,97|0,00||0,00|0,00|0,00||
|H030|0|11053630000140|0|84833029|2697|PC|0,00|2,00|0,00|0,00||0,00|0,00|0,00||
|H030|0|11053630000140|0|73182900|2698|PC|7,25|5,00|36,25|0,00||0,00|0,00|0,00||
|H030|0|11053630000140|0|40169300|2699|PC|0,14|24,00|3,36|0,00||0,00|0,00|0,00||
|H030|0|11053630000140|0|73182200|2700|PC|0,01|48,00|0,49|0,00||0,00|0,00|0,00||
|H030|0|11053630000140|0|73182900|2701|PC|0,00|2,00|0,00|0,00||0,00|0,00|0,00||
|H030|0|11053630000140|0|84836090|2702|PC|233,33|1,00|233,33|0,00||0,00|0,00|0,00||
|H030|0|11053630000140|0|73182400|2703|PC|7,05|12,00|84,60|0,00||0,00|0,00|0,00||
|H030|0|11053630000140|0|84819090|2704|PC|237,94|1,00|237,94|0,00||0,00|0,00|0,00||
|H030|0|11053630000140|0|74122000|2705|PC|58,96|3,00|176,88|0,00||0,00|0,00|0,00||
|H030|0|11053630000140|0|84219999|2706|PC|0,00|9,00|0,00|0,00||0,00|0,00|0,00||
|H030|0|11053630000140|0|84249090|2707|PC|27,10|2,00|54,20|0,00||0,00|0,00|0,00||
|H030|0|11053630000140|0|39174090|2711|PC|0,00|1,00|0,00|0,00||0,00|0,00|0,00||
|H030|0|11053630000140|0|84249090|2712|PC|1,84|29,00|53,36|0,00||0,00|0,00|0,00||
|H030|0|11053630000140|0|84249090|2714|PC|1,77|44,00|77,88|0,00||0,00|0,00|0,00||
|H030|0|11053630000140|0|74152100|2715|PC|0,72|33,00|23,76|0,00||0,00|0,00|0,00||
|H030|0|11053630000140|0|87089990|2718|PC|0,00|1,00|0,00|0,00||0,00|0,00|0,00||
|H030|0|11053630000140|0|84212990|2720|PC|12,34|6,00|74,04|0,00||0,00|0,00|0,00||
|H030|0|11053630000140|0|87089990|2721|PC|65,51|1,00|65,51|0,00||0,00|0,00|0,00||
|H030|0|11053630000140|0|73182900|2722|PC|0,79|16,00|12,64|0,00||0,00|0,00|0,00||
|H030|0|11053630000140|0|87089990|2723|PC|0,00|2,00|0,00|0,00||0,00|0,00|0,00||
|H030|0|11053630000140|0|39269090|2724|PC|7,22|2,00|14,44|0,00||0,00|0,00|0,00||
|H030|0|11053630000140|0|87089990|2725|PC|29,12|2,00|58,24|0,00||0,00|0,00|0,00||
|H030|0|11053630000140|0|73182900|2726|PC|13,26|4,00|53,04|0,00||0,00|0,00|0,00||
|H030|0|11053630000140|0|84819090|2729|PC|24,60|1,00|24,60|0,00||0,00|0,00|0,00||
|H030|0|11053630000140|0|73181500|2730|PC|0,11|28,00|3,08|0,00||0,00|0,00|0,00||
|H030|0|11053630000140|0|87089990|2732|PC|33,08|6,00|198,48|0,00||0,00|0,00|0,00||
|H030|0|11053630000140|0|73181600|2734|PC|9,33|1,00|9,33|0,00||0,00|0,00|0,00||
|H030|0|11053630000140|0|87089412|2737|PC|126,61|1,00|126,61|0,00||0,00|0,00|0,00||
|H030|0|11053630000140|0|84833029|2749|PC|0,00|2,00|0,00|0,00||0,00|0,00|0,00||
|H030|0|11053630000140|0|84819090|2750|PC|14,96|2,00|29,92|0,00||0,00|0,00|0,00||
|H030|0|11053630000140|0|40169300|2756|PC|62,44|1,00|62,44|0,00||0,00|0,00|0,00||
|H030|0|11053630000140|0|40093290|2757|PC|30,38|1,00|30,38|0,00||0,00|0,00|0,00||
|H030|0|11053630000140|0|73181500|2763|PC|0,00|18,00|0,00|0,00||0,00|0,00|0,00||
|H030|0|11053630000140|0|85079090|2769|PC|3,46|10,00|34,60|0,00||0,00|0,00|0,00||
|H030|0|11053630000140|0|85079090|2770|PC|4,47|11,00|49,17|0,00||0,00|0,00|0,00||
|H030|0|11053630000140|0|38249041|2771|PC|5,19|3,00|15,57|0,00||0,00|0,00|0,00||
|H030|0|11053630000140|0|87089412|2785|PC|37,10|4,00|148,40|0,00||0,00|0,00|0,00||
|H030|0|11053630000140|0|87089412|2787|PC|41,00|1,00|41,00|0,00||0,00|0,00|0,00||
|H030|0|11053630000140|0|87089412|2788|PC|49,16|1,00|49,16|0,00||0,00|0,00|0,00||
|H030|0|11053630000140|0|87089412|2789|PC|101,45|2,00|202,90|0,00||0,00|0,00|0,00||
|H030|0|11053630000140|0|87089412|2790|PC|111,01|4,00|444,04|0,00||0,00|0,00|0,00||
|H030|0|11053630000140|0|87089412|2791|PC|154,72|2,00|309,44|0,00||0,00|0,00|0,00||
|H030|0|11053630000140|0|87089990|2792|PC|205,06|2,00|410,11|0,00||0,00|0,00|0,00||
|H030|0|11053630000140|0|87089990|2794|PC|19,01|3,00|57,03|0,00||0,00|0,00|0,00||
|H030|0|11053630000140|0|87089990|2795|PC|19,52|7,00|136,64|0,00||0,00|0,00|0,00||
|H030|0|11053630000140|0|87089990|2796|PC|63,27|2,00|126,54|0,00||0,00|0,00|0,00||
|H030|0|11053630000140|0|27101932|2800|PC|10,80|108,00|1166,66|0,00||0,00|0,00|0,00||
|H030|0|11053630000140|0|84212300|2810|PC|19,09|3,00|57,27|0,00||0,00|0,00|0,00||
|H030|0|11053630000140|0|84133090|2814|PC|310,45|1,00|310,45|0,00||0,00|0,00|0,00||
|H030|0|11053630000140|0|73182900|2815|PC|0,56|5,00|2,80|0,00||0,00|0,00|0,00||
|H030|0|11053630000140|0|84136011|2819|PC|357,52|1,00|357,52|0,00||0,00|0,00|0,00||
|H030|0|11053630000140|0|73181500|2820|PC|1,04|20,00|20,80|0,00||0,00|0,00|0,00||
|H030|0|11053630000140|0|87089990|2823|PC|60,70|1,00|60,70|0,00||0,00|0,00|0,00||
|H030|0|11053630000140|0|87089411|2826|PC|10,77|1,00|10,77|0,00||0,00|0,00|0,00||
|H030|0|11053630000140|0|87089990|2827|PC|0,00|4,00|0,00|0,00||0,00|0,00|0,00||
|H030|0|11053630000140|0|84833029|2831|PC|296,00|1,00|296,00|0,00||0,00|0,00|0,00||
|H030|0|11053630000140|0|84842000|2832|PC|8,91|1,00|8,91|0,00||0,00|0,00|0,00||
|H030|0|11053630000140|0|84329000|2838|CJ|539,35|1,00|539,35|0,00||0,00|0,00|0,00||
|H030|0|11053630000140|0|84833029|2845|PC|0,00|1,00|0,00|0,00||0,00|0,00|0,00||
|H030|0|11053630000140|0|73181500|2856|UN|4,29|10,00|42,90|0,00||0,00|0,00|0,00||
|H030|0|11053630000140|0|84833029|2859|PC|115,00|1,00|115,00|0,00||0,00|0,00|0,00||
|H030|0|11053630000140|0|87089990|2862|PC|12,78|2,00|25,56|0,00||0,00|0,00|0,00||
|H030|0|11053630000140|0|73182900|2863|PC|0,00|1,00|0,00|0,00||0,00|0,00|0,00||
|H030|0|11053630000140|0|76161000|2866|PC|0,09|22,00|1,98|0,00||0,00|0,00|0,00||
|H030|0|11053630000140|0|84212300|2867|PC|51,18|2,00|102,36|0,00||0,00|0,00|0,00||
|H030|0|11053630000140|0|73182100|2870|PC|0,33|15,00|4,95|0,00||0,00|0,00|0,00||
|H030|0|11053630000140|0|39269010|2871|PC|1,53|43,00|65,79|0,00||0,00|0,00|0,00||
|H030|0|11053630000140|0|73043910|2872|PC|0,00|2,00|0,00|0,00||0,00|0,00|0,00||
|H030|0|11053630000140|0|84822010|2873|PC|24,67|7,00|172,69|0,00||0,00|0,00|0,00||
|H030|0|11053630000140|0|84822010|2874|PC|17,57|10,00|175,70|0,00||0,00|0,00|0,00||
|H030|0|11053630000140|0|84822010|2875|PC|12,79|9,00|115,11|0,00||0,00|0,00|0,00||
|H030|0|11053630000140|0|84822010|2876|PC|0,00|4,00|0,00|0,00||0,00|0,00|0,00||
|H030|0|11053630000140|0|84822010|2877|PC|14,07|3,00|42,21|0,00||0,00|0,00|0,00||
|H030|0|11053630000140|0|84822010|2879|PC|28,16|1,00|28,16|0,00||0,00|0,00|0,00||
|H030|0|11053630000140|0|40169990|2882|PC|0,00|1,00|0,00|0,00||0,00|0,00|0,00||
|H030|0|11053630000140|0|73181500|2883|PC|0,00|3,00|0,00|0,00||0,00|0,00|0,00||
|H030|0|11053630000140|0|73181500|2884|PC|1,35|9,00|12,15|0,00||0,00|0,00|0,00||
|H030|0|11053630000140|0|73182100|2886|PC|0,06|3,00|0,18|0,00||0,00|0,00|0,00||
|H030|0|11053630000140|0|87089990|2888|PC|3,49|5,00|17,45|0,00||0,00|0,00|0,00||
|H030|0|11053630000140|0|87089411|2889|PC|162,58|2,00|325,16|0,00||0,00|0,00|0,00||
|H030|0|11053630000140|0|76161000|2892|PC|0,59|9,00|5,31|0,00||0,00|0,00|0,00||
|H030|0|11053630000140|0|87089990|2893|PC|0,60|68,00|40,80|0,00||0,00|0,00|0,00||
|H030|0|11053630000140|0|73182200|2895|PC|0,00|2,00|0,00|0,00||0,00|0,00|0,00||
|H030|0|11053630000140|0|84836090|2896|PC|28,54|9,00|256,86|0,00||0,00|0,00|0,00||
|H030|0|11053630000140|0|39269090|2905|PC|0,00|1,00|0,00|0,00||0,00|0,00|0,00||
|H030|0|11053630000140|0|84314929|2906|PC|634,35|1,00|634,35|0,00||0,00|0,00|0,00||
|H030|0|11053630000140|0|40169300|2913|PC|4,53|1,00|4,53|0,00||0,00|0,00|0,00||
|H030|0|11053630000140|0|85119000|2928|PC|5,00|6,00|30,00|0,00||0,00|0,00|0,00||
|H030|0|11053630000140|0|85119000|2929|PC|45,00|1,00|45,00|0,00||0,00|0,00|0,00||
|H030|0|11053630000140|0|85119000|2930|PC|16,06|2,00|32,12|0,00||0,00|0,00|0,00||
|H030|0|11053630000140|0|85119000|2933|PC|110,00|1,00|110,00|0,00||0,00|0,00|0,00||
|H030|0|11053630000140|0|84099999|2936|PC|80,68|2,00|161,36|0,00||0,00|0,00|0,00||
|H030|0|11053630000140|0|87089990|2937|PC|166,66|2,00|333,32|0,00||0,00|0,00|0,00||
|H030|0|11053630000140|0|84219999|2944|PC|20,87|1,00|20,87|0,00||0,00|0,00|0,00||
|H030|0|11053630000140|0|85392110|2948|PC|13,67|7,00|95,69|0,00||0,00|0,00|0,00||
|H030|0|11053630000140|0|84219199|2957|PC|0,00|3,00|0,00|0,00||0,00|0,00|0,00||
|H030|0|11053630000140|0|73181500|2959|PC|2,14|20,00|42,80|0,00||0,00|0,00|0,00||
|H030|0|11053630000140|0|87089990|2960|PC|0,00|1,00|0,00|0,00||0,00|0,00|0,00||
|H030|0|11053630000140|0|87089990|2963|PC|0,00|1,00|0,00|0,00||0,00|0,00|0,00||
|H030|0|11053630000140|0|73181500|2968|PC|0,00|4,00|0,00|0,00||0,00|0,00|0,00||
|H030|0|11053630000140|0|40169300|2979|PC|17,97|7,00|125,79|0,00||0,00|0,00|0,00||
|H030|0|11053630000140|0|84139190|2980|UN|0,00|4,00|0,00|0,00||0,00|0,00|0,00||
|H030|0|11053630000140|0|87089990|2981|PC|0,99|4,00|3,96|0,00||0,00|0,00|0,00||
|H030|0|11053630000140|0|40169300|2982|PC|4,42|3,00|13,26|0,00||0,00|0,00|0,00||
|H030|0|11053630000140|0|84213100|2984|PC|223,87|1,00|223,87|0,00||0,00|0,00|0,00||
|H030|0|11053630000140|0|84314929|2985|PC|0,00|2,00|0,00|0,00||0,00|0,00|0,00||
|H030|0|11053630000140|0|84833029|2986|PC|0,00|4,00|0,00|0,00||0,00|0,00|0,00||
|H030|0|11053630000140|0|84314929|2988|PC|0,00|1,00|0,00|0,00||0,00|0,00|0,00||
|H030|0|11053630000140|0|87082919|2989|PC|0,00|2,00|0,00|0,00||0,00|0,00|0,00||
|H030|0|11053630000140|0|84831090|2994|PC|880,00|1,00|880,00|0,00||0,00|0,00|0,00||
|H030|0|11053630000140|0|40169300|2998|PC|0,00|10,00|0,00|0,00||0,00|0,00|0,00||
|H030|0|11053630000140|0|84249010|2999|PC|3,63|11,00|39,93|0,00||0,00|0,00|0,00||
|H030|0|11053630000140|0|84139190|3003|PC|152,93|1,00|152,93|0,00||0,00|0,00|0,00||
|H030|0|11053630000140|0|84249090|3004|PC|8,71|2,00|17,42|0,00||0,00|0,00|0,00||
|H030|0|11053630000140|0|69091990|3005|PC|83,00|4,00|332,00|0,00||0,00|0,00|0,00||
|H030|0|11053630000140|0|73079900|3006|PC|16,12|1,00|16,12|0,00||0,00|0,00|0,00||
|H030|0|11053630000140|0|73259910|3007|JG|206,08|3,00|618,24|0,00||0,00|0,00|0,00||
|H030|0|11053630000140|0|40169300|3016|PC|36,13|2,00|72,26|0,00||0,00|0,00|0,00||
|H030|0|11053630000140|0|73182900|3017|PC|0,00|7,00|0,00|0,00||0,00|0,00|0,00||
|H030|0|11053630000140|0|84329000|3018|PC|1478,54|1,00|1478,54|0,00||0,00|0,00|0,00||
|H030|0|11053630000140|0|39269090|3022|PC|0,00|1,00|0,00|0,00||0,00|0,00|0,00||
|H030|0|11053630000140|0|39269090|3023|PC|0,00|7,00|0,00|0,00||0,00|0,00|0,00||
|H030|0|11053630000140|0|40169300|3024|PC|0,00|3,00|0,00|0,00||0,00|0,00|0,00||
|H030|0|11053630000140|0|40169300|3025|PC|13,67|1,00|13,67|0,00||0,00|0,00|0,00||
|H030|0|11053630000140|0|40169300|3026|PC|14,41|2,00|28,82|0,00||0,00|0,00|0,00||
|H030|0|11053630000140|0|40169300|3027|PC|8,90|1,00|8,90|0,00||0,00|0,00|0,00||
|H030|0|11053630000140|0|40169300|3028|PC|20,77|3,00|62,31|0,00||0,00|0,00|0,00||
|H030|0|11053630000140|0|40169300|3031|PC|7,06|3,00|21,18|0,00||0,00|0,00|0,00||
|H030|0|11053630000140|0|40169300|3032|PC|3,76|2,00|7,52|0,00||0,00|0,00|0,00||
|H030|0|11053630000140|0|40169300|3033|PC|0,00|2,00|0,00|0,00||0,00|0,00|0,00||
|H030|0|11053630000140|0|40169300|3038|PC|0,00|2,00|0,00|0,00||0,00|0,00|0,00||
|H030|0|11053630000140|0|40169300|3039|PC|0,00|2,00|0,00|0,00||0,00|0,00|0,00||
|H030|0|11053630000140|0|40169300|3041|PC|10,27|1,00|10,27|0,00||0,00|0,00|0,00||
|H030|0|11053630000140|0|39269069|3042|PC|1,01|1,00|1,01|0,00||0,00|0,00|0,00||
|H030|0|11053630000140|0|39269069|3043|PC|0,00|4,00|0,00|0,00||0,00|0,00|0,00||
|H030|0|11053630000140|0|39269069|3045|PC|0,00|8,00|0,00|0,00||0,00|0,00|0,00||
|H030|0|11053630000140|0|84879000|3048|UN|0,00|2,00|0,00|0,00||0,00|0,00|0,00||
|H030|0|11053630000140|0|84821010|3050|UN|0,00|4,00|0,00|0,00||0,00|0,00|0,00||
|H030|0|11053630000140|0|84821010|3051|UN|65,95|1,00|65,95|0,00||0,00|0,00|0,00||
|H030|0|11053630000140|0|84219999|3053|UN|79,71|3,00|239,13|0,00||0,00|0,00|0,00||
|H030|0|11053630000140|0|84219999|3054|UN|262,46|3,00|787,38|0,00||0,00|0,00|0,00||
|H030|0|11053630000140|0|84132000|3055|UN|77,66|2,00|155,32|0,00||0,00|0,00|0,00||
|H030|0|11053630000140|0|40169300|3059|PC|0,00|7,00|0,00|0,00||0,00|0,00|0,00||
|H030|0|11053630000140|0|84841000|3063|PC|77,46|1,00|77,46|0,00||0,00|0,00|0,00||
|H030|0|11053630000140|0|73182900|3064|PC|0,00|1,00|0,00|0,00||0,00|0,00|0,00||
|H030|0|11053630000140|0|40169300|3065|PC|0,00|3,00|0,00|0,00||0,00|0,00|0,00||
|H030|0|11053630000140|0|73182200|3066|PC|19,00|1,00|19,00|0,00||0,00|0,00|0,00||
|H030|0|11053630000140|0|73182900|3067|PC|0,00|2,00|0,00|0,00||0,00|0,00|0,00||
|H030|0|11053630000140|0|40169300|3081|PC|0,82|8,00|6,56|0,00||0,00|0,00|0,00||
|H030|0|11053630000140|0|85365090|3082|PC|0,00|1,00|0,00|0,00||0,00|0,00|0,00||
|H030|0|11053630000140|0|84329000|3084|PC|156,23|6,00|937,38|0,00||0,00|0,00|0,00||
|H030|0|11053630000140|0|84314929|3091|PC|0,00|1,00|0,00|0,00||0,00|0,00|0,00||
|H030|0|11053630000140|0|90328981|3092|PC|0,00|1,00|0,00|0,00||0,00|0,00|0,00||
|H030|0|11053630000140|0|90328981|3093|UN|0,00|1,00|0,00|0,00||0,00|0,00|0,00||
|H030|0|11053630000140|0|84219999|3094|PC|0,00|1,00|0,00|0,00||0,00|0,00|0,00||
|H030|0|11053630000140|0|84821090|3095|PC|19,52|2,00|39,04|0,00||0,00|0,00|0,00||
|H030|0|11053630000140|0|40169300|3096|PC|4,36|4,00|17,44|0,00||0,00|0,00|0,00||
|H030|0|11053630000140|0|84842000|3098|PC|0,97|10,00|9,70|0,00||0,00|0,00|0,00||
|H030|0|11053630000140|0|73182900|3107|PC|17,43|2,00|34,86|0,00||0,00|0,00|0,00||
|H030|0|11053630000140|0|87085099|3108|PC|560,26|2,00|1120,52|0,00||0,00|0,00|0,00||
|H030|0|11053630000140|0|84819090|3115|PC|0,00|1,00|0,00|0,00||0,00|0,00|0,00||
|H030|0|11053630000140|0|84833090|3118|PC|0,00|8,00|0,00|0,00||0,00|0,00|0,00||
|H030|0|11053630000140|0|84834090|3119|PC|53,80|1,00|53,80|0,00||0,00|0,00|0,00||
|H030|0|11053630000140|0|73202090|3127|PC|0,00|4,00|0,00|0,00||0,00|0,00|0,00||
|H030|0|11053630000140|0|87089990|3129|PC|0,00|1,00|0,00|0,00||0,00|0,00|0,00||
|H030|0|11053630000140|0|38249041|3130|L|16,00|6,00|96,00|0,00||0,00|0,00|0,00||
|H030|0|11053630000140|0|87089990|3132|PC|0,00|2,00|0,00|0,00||0,00|0,00|0,00||
|H030|0|11053630000140|0|90258000|3133|PC|0,00|1,00|0,00|0,00||0,00|0,00|0,00||
|H030|0|11053630000140|0|84249090|3137|PC|200,00|1,00|200,00|0,00||0,00|0,00|0,00||
|H030|0|11053630000140|0|74153900|3138|PC|54,50|2,00|109,00|0,00||0,00|0,00|0,00||
|H030|0|11053630000140|0|74122000|3139|PC|16,76|10,00|167,60|0,00||0,00|0,00|0,00||
|H030|0|11053630000140|0|45049000|3140|PC|3,53|3,00|10,59|0,00||0,00|0,00|0,00||
|H030|0|11053630000140|0|84839000|3141|PC|0,00|1,00|0,00|0,00||0,00|0,00|0,00||
|H030|0|11053630000140|0|73182200|3142|PC|0,58|14,00|8,12|0,00||0,00|0,00|0,00||
|H030|0|11053630000140|0|27101932|3145|GL|29,97|11,00|329,67|0,00||0,00|0,00|0,00||
|H030|0|11053630000140|0|27101992|3146|BD|213,76|9,00|1923,84|0,00||0,00|0,00|0,00||
|H030|0|11053630000140|0|27101992|3147|PC|33,43|18,00|601,74|0,00||0,00|0,00|0,00||
|H030|0|11053630000140|0|84833029|3151|PC|134,41|2,00|268,82|0,00||0,00|0,00|0,00||
|H030|0|11053630000140|0|84849000|3157|PC|0,00|2,00|0,00|0,00||0,00|0,00|0,00||
|H030|0|11053630000140|0|84329000|3165|PC|135,43|2,00|270,86|0,00||0,00|0,00|0,00||
|H030|0|11053630000140|0|84329000|3166|PC|18,16|1,00|18,16|0,00||0,00|0,00|0,00||
|H030|0|11053630000140|0|84219999|3176|PC|0,00|2,00|0,00|0,00||0,00|0,00|0,00||
|H030|0|11053630000140|0|73181500|3178|PC|0,20|1,00|0,20|0,00||0,00|0,00|0,00||
|H030|0|11053630000140|0|84249090|3182|PC|0,00|1,00|0,00|0,00||0,00|0,00|0,00||
|H030|0|11053630000140|0|85361000|3184|PC|11,60|5,00|58,00|0,00||0,00|0,00|0,00||
|H030|0|11053630000140|0|27101932|3189|BD|10,06|56,00|563,36|0,00||0,00|0,00|0,00||
|H030|0|11053630000140|0|40169300|3190|UN|0,00|3,00|0,00|0,00||0,00|0,00|0,00||
|H030|0|11053630000140|0|84821010|3193|UN|25,77|10,00|257,70|0,00||0,00|0,00|0,00||
|H030|0|11053630000140|0|84821010|3194|UN|19,68|6,00|118,08|0,00||0,00|0,00|0,00||
|H030|0|11053630000140|0|84821010|3195|UN|14,61|3,00|43,83|0,00||0,00|0,00|0,00||
|H030|0|11053630000140|0|84839000|3196|PC|50,67|7,00|354,69|0,00||0,00|0,00|0,00||
|H030|0|11053630000140|0|84839000|3197|PC|80,48|1,00|80,48|0,00||0,00|0,00|0,00||
|H030|0|11053630000140|0|73182900|3215|PC|0,00|1,00|0,00|0,00||0,00|0,00|0,00||
|H030|0|11053630000140|0|40169300|3217|PC|5,91|11,00|65,01|0,00||0,00|0,00|0,00||
|H030|0|11053630000140|0|40169300|3218|PC|5,42|4,00|21,68|0,00||0,00|0,00|0,00||
|H030|0|11053630000140|0|73181500|3219|PC|0,00|8,00|0,00|0,00||0,00|0,00|0,00||
|H030|0|11053630000140|0|87089990|3225|PC|4,65|4,00|18,60|0,00||0,00|0,00|0,00||
|H030|0|11053630000140|0|87082999|3226|PC|6,61|5,00|33,05|0,00||0,00|0,00|0,00||
|H030|0|11053630000140|0|84219999|3231|PC|0,00|2,00|0,00|0,00||0,00|0,00|0,00||
|H030|0|11053630000140|0|84212300|3232|PC|64,59|2,00|129,18|0,00||0,00|0,00|0,00||
|H030|0|11053630000140|0|84314929|3234|UN|5,11|8,00|40,88|0,00||0,00|0,00|0,00||
|H030|0|11053630000140|0|87089412|3235|PC|136,11|2,00|272,22|0,00||0,00|0,00|0,00||
|H030|0|11053630000140|0|40169300|3244|PC|1,91|2,00|3,82|0,00||0,00|0,00|0,00||
|H030|0|11053630000140|0|73269090|3246|PC|2,97|4,00|11,88|0,00||0,00|0,00|0,00||
|H030|0|11053630000140|0|40169300|3247|PC|1,84|4,00|7,36|0,00||0,00|0,00|0,00||
|H030|0|11053630000140|0|73182900|3248|PC|0,00|1,00|0,00|0,00||0,00|0,00|0,00||
|H030|0|11053630000140|0|87084090|3250|PC|0,00|1,00|0,00|0,00||0,00|0,00|0,00||
|H030|0|11053630000140|0|84821090|3253|PC|257,00|1,00|257,00|0,00||0,00|0,00|0,00||
|H030|0|11053630000140|0|87083090|3258|PC|0,00|2,00|0,00|0,00||0,00|0,00|0,00||
|H030|0|11053630000140|0|87083090|3259|PC|0,00|2,00|0,00|0,00||0,00|0,00|0,00||
|H030|0|11053630000140|0|83099000|3264|PC|0,00|3,00|0,00|0,00||0,00|0,00|0,00||
|H030|0|11053630000140|0|74153900|3265|PC|0,00|1,00|0,00|0,00||0,00|0,00|0,00||
|H030|0|11053630000140|0|84219999|3269|PC|132,88|1,00|132,88|0,00||0,00|0,00|0,00||
|H030|0|11053630000140|0|39269090|3270|PC|33,40|4,00|133,60|0,00||0,00|0,00|0,00||
|H030|0|11053630000140|0|84139190|3273|PC|74,86|3,00|224,58|0,00||0,00|0,00|0,00||
|H030|0|11053630000140|0|74122000|3274|PC|50,99|2,00|101,98|0,00||0,00|0,00|0,00||
|H030|0|11053630000140|0|73269090|3276|PC|89,83|3,00|269,49|0,00||0,00|0,00|0,00||
|H030|0|11053630000140|0|87084090|3278|PC|12,47|2,00|24,94|0,00||0,00|0,00|0,00||
|H030|0|11053630000140|0|87089990|3280|PC|161,07|2,00|322,14|0,00||0,00|0,00|0,00||
|H030|0|11053630000140|0|84322100|3286|UN|0,00|1,00|0,00|0,00||0,00|0,00|0,00||
|H030|0|11053630000140|0|84321000|3293|UN|5533,50|1,00|5533,50|0,00||0,00|0,00|0,00||
|H030|0|11053630000140|0|84321000|3294|UN|0,00|2,00|0,00|0,00||0,00|0,00|0,00||
|H030|0|11053630000140|0|84328000|3296|UN|8055,98|2,00|16111,95|0,00||0,00|0,00|0,00||
|H030|0|11053630000140|0|84328000|3297|UN|8603,36|2,00|17206,71|0,00||0,00|0,00|0,00||
|H030|0|11053630000140|0|87089300|3299|PC|278,22|3,00|834,66|0,00||0,00|0,00|0,00||
|H030|0|11053630000140|0|87089300|3300|PC|549,31|1,00|549,31|0,00||0,00|0,00|0,00||
|H030|0|11053630000140|0|84822010|3304|PC|22,82|3,00|68,46|0,00||0,00|0,00|0,00||
|H030|0|11053630000140|0|84841000|3308|PC|0,00|1,00|0,00|0,00||0,00|0,00|0,00||
|H030|0|11053630000140|0|84099116|3318|PC|0,00|1,00|0,00|0,00||0,00|0,00|0,00||
|H030|0|11053630000140|0|74152100|3325|PC|6,71|3,00|20,13|0,00||0,00|0,00|0,00||
|H030|0|11053630000140|0|87089990|3327|PC|228,29|1,00|228,29|0,00||0,00|0,00|0,00||
|H030|0|11053630000140|0|84099979|3329|PC|11,22|3,00|33,66|0,00||0,00|0,00|0,00||
|H030|0|11053630000140|0|87089300|3330|PC|39,93|4,00|159,72|0,00||0,00|0,00|0,00||
|H030|0|11053630000140|0|84099979|3331|PC|0,00|1,00|0,00|0,00||0,00|0,00|0,00||
|H030|0|11053630000140|0|87089412|3332|PC|39,05|3,00|117,15|0,00||0,00|0,00|0,00||
|H030|0|11053630000140|0|73202090|3333|PC|0,00|1,00|0,00|0,00||0,00|0,00|0,00||
|H030|0|11053630000140|0|73181500|3334|PC|0,00|5,00|0,00|0,00||0,00|0,00|0,00||
|H030|0|11053630000140|0|73181500|3336|PC|0,25|19,00|4,75|0,00||0,00|0,00|0,00||
|H030|0|11053630000140|0|73181900|3337|PC|15,95|6,00|95,70|0,00||0,00|0,00|0,00||
|H030|0|11053630000140|0|84819090|3338|PC|0,00|2,00|0,00|0,00||0,00|0,00|0,00||
|H030|0|11053630000140|0|73182400|3339|PC|0,00|5,00|0,00|0,00||0,00|0,00|0,00||
|H030|0|11053630000140|0|84249090|3340|PC|0,00|2,00|0,00|0,00||0,00|0,00|0,00||
|H030|0|11053630000140|0|73181500|3348|UN|0,00|6,00|0,00|0,00||0,00|0,00|0,00||
|H030|0|11053630000140|0|84833090|3350|UN|102,42|1,00|102,42|0,00||0,00|0,00|0,00||
|H030|0|11053630000140|0|84099999|3353|UN|0,00|2,00|0,00|0,00||0,00|0,00|0,00||
|H030|0|11053630000140|0|84842000|3354|UN|6,61|3,00|19,83|0,00||0,00|0,00|0,00||
|H030|0|11053630000140|0|84842000|3355|UN|25,19|3,00|75,57|0,00||0,00|0,00|0,00||
|H030|0|11053630000140|0|40169300|3359|PC|6,38|2,00|12,76|0,00||0,00|0,00|0,00||
|H030|0|11053630000140|0|73202090|3361|PC|0,00|2,00|0,00|0,00||0,00|0,00|0,00||
|H030|0|11053630000140|0|87089990|3362|PC|0,00|1,00|0,00|0,00||0,00|0,00|0,00||
|H030|0|11053630000140|0|27101992|3366|UN|14,54|10,00|145,40|0,00||0,00|0,00|0,00||
|H030|0|11053630000140|0|87089990|3370|PC|0,00|1,00|0,00|0,00||0,00|0,00|0,00||
|H030|0|11053630000140|0|84821090|3376|PC|108,90|1,00|108,90|0,00||0,00|0,00|0,00||
|H030|0|11053630000140|0|84099120|3377|JG|313,69|3,00|941,07|0,00||0,00|0,00|0,00||
|H030|0|11053630000140|0|84099120|3379|PC|209,68|4,00|838,72|0,00||0,00|0,00|0,00||
|H030|0|11053630000140|0|84099120|3380|PC|0,00|1,00|0,00|0,00||0,00|0,00|0,00||
|H030|0|11053630000140|0|84833029|3381|PC|48,71|1,00|48,71|0,00||0,00|0,00|0,00||
|H030|0|11053630000140|0|87089990|3385|PC|82,52|1,00|82,52|0,00||0,00|0,00|0,00||
|H030|0|11053630000140|0|84821010|3386|PC|114,72|1,00|114,72|0,00||0,00|0,00|0,00||
|H030|0|11053630000140|0|40169300|3388|PC|15,39|2,00|30,78|0,00||0,00|0,00|0,00||
|H030|0|11053630000140|0|73181600|3390|PC|0,58|50,00|29,00|0,00||0,00|0,00|0,00||
|H030|0|11053630000140|0|87085080|3400|PC|37,03|1,00|37,03|0,00||0,00|0,00|0,00||
|H030|0|11053630000140|0|84839000|3401|PC|101,52|2,00|203,04|0,00||0,00|0,00|0,00||
|H030|0|11053630000140|0|73202090|3402|PC|0,46|4,00|1,84|0,00||0,00|0,00|0,00||
|H030|0|11053630000140|0|87089990|3403|PC|19,45|1,00|19,45|0,00||0,00|0,00|0,00||
|H030|0|11053630000140|0|40169300|3404|PC|0,13|10,00|1,30|0,00||0,00|0,00|0,00||
|H030|0|11053630000140|0|84842000|3405|PC|15,24|1,00|15,24|0,00||0,00|0,00|0,00||
|H030|0|11053630000140|0|40169300|3406|PC|6,83|3,00|20,49|0,00||0,00|0,00|0,00||
|H030|0|11053630000140|0|40169300|3407|PC|1,93|6,00|11,58|0,00||0,00|0,00|0,00||
|H030|0|11053630000140|0|87089990|3408|PC|0,00|1,00|0,00|0,00||0,00|0,00|0,00||
|H030|0|11053630000140|0|40169300|3409|PC|0,00|1,00|0,00|0,00||0,00|0,00|0,00||
|H030|0|11053630000140|0|40169300|3410|PC|8,20|2,00|16,40|0,00||0,00|0,00|0,00||
|H030|0|11053630000140|0|85122011|3412|PC|25,60|4,00|102,40|0,00||0,00|0,00|0,00||
|H030|0|11053630000140|0|74152100|3415|PC|1,31|30,00|39,30|0,00||0,00|0,00|0,00||
|H030|0|11053630000140|0|87089990|3420|PC|0,00|1,00|0,00|0,00||0,00|0,00|0,00||
|H030|0|11053630000140|0|40169300|3425|PC|39,00|2,00|78,00|0,00||0,00|0,00|0,00||
|H030|0|11053630000140|0|87089990|3431|PC|14,38|2,00|28,76|0,00||0,00|0,00|0,00||
|H030|0|11053630000140|0|40169300|3433|PC|17,24|2,00|34,48|0,00||0,00|0,00|0,00||
|H030|0|11053630000140|0|87089300|3443|PC|163,72|2,00|327,43|0,00||0,00|0,00|0,00||
|H030|0|11053630000140|0|84821010|3444|PC|0,00|2,00|0,00|0,00||0,00|0,00|0,00||
|H030|0|11053630000140|0|40169300|3447|PC|14,01|3,00|42,03|0,00||0,00|0,00|0,00||
|H030|0|11053630000140|0|40103900|3448|PC|13,12|1,00|13,12|0,00||0,00|0,00|0,00||
|H030|0|11053630000140|0|40169300|3449|PC|2,04|2,00|4,08|0,00||0,00|0,00|0,00||
|H030|0|11053630000140|0|40169300|3450|PC|3,87|2,00|7,74|0,00||0,00|0,00|0,00||
|H030|0|11053630000140|0|73181500|3453|PC|5,67|5,00|28,35|0,00||0,00|0,00|0,00||
|H030|0|11053630000140|0|87083090|3454|PC|91,89|1,00|91,89|0,00||0,00|0,00|0,00||
|H030|0|11053630000140|0|84136011|3455|PC|680,87|2,00|1361,74|0,00||0,00|0,00|0,00||
|H030|0|11053630000140|0|84822010|3462|PC|136,46|1,00|136,46|0,00||0,00|0,00|0,00||
|H030|0|11053630000140|0|73182900|3476|UN|1,59|14,00|22,26|0,00||0,00|0,00|0,00||
|H030|0|11053630000140|0|84833090|3480|UN|0,00|1,00|0,00|0,00||0,00|0,00|0,00||
|H030|0|11053630000140|0|84833090|3482|UN|138,14|1,00|138,14|0,00||0,00|0,00|0,00||
|H030|0|11053630000140|0|84833090|3484|UN|113,83|2,00|227,66|0,00||0,00|0,00|0,00||
|H030|0|11053630000140|0|84833090|3485|UN|87,77|2,00|175,54|0,00||0,00|0,00|0,00||
|H030|0|11053630000140|0|84833090|3486|UN|0,00|1,00|0,00|0,00||0,00|0,00|0,00||
|H030|0|11053630000140|0|84099999|3491|UN|0,00|4,00|0,00|0,00||0,00|0,00|0,00||
|H030|0|11053630000140|0|84099999|3492|UN|0,00|2,00|0,00|0,00||0,00|0,00|0,00||
|H030|0|11053630000140|0|84133020|3494|UN|87,27|5,00|436,35|0,00||0,00|0,00|0,00||
|H030|0|11053630000140|0|84849000|3496|UN|201,37|1,00|201,37|0,00||0,00|0,00|0,00||
|H030|0|11053630000140|0|84849000|3497|UN|0,00|1,00|0,00|0,00||0,00|0,00|0,00||
|H030|0|11053630000140|0|87089990|3499|PC|0,00|1,00|0,00|0,00||0,00|0,00|0,00||
|H030|0|11053630000140|0|87089490|3500|PC|114,19|1,00|114,19|0,00||0,00|0,00|0,00||
|H030|0|11053630000140|0|87089990|3503|PC|0,00|2,00|0,00|0,00||0,00|0,00|0,00||
|H030|0|11053630000140|0|84249090|3510|PC|33,02|1,00|33,02|0,00||0,00|0,00|0,00||
|H030|0|11053630000140|0|84329000|3512|PC|0,00|2,00|0,00|0,00||0,00|0,00|0,00||
|H030|0|11053630000140|0|73182100|3513|PC|0,41|6,00|2,46|0,00||0,00|0,00|0,00||
|H030|0|11053630000140|0|85123000|3517|PC|55,00|1,00|55,00|0,00||0,00|0,00|0,00||
|H030|0|11053630000140|0|84329000|3522|PC|116,69|15,00|1750,35|0,00||0,00|0,00|0,00||
|H030|0|11053630000140|0|84219999|3526|PC|0,00|2,00|0,00|0,00||0,00|0,00|0,00||
|H030|0|11053630000140|0|39235000|3528|PC|2,62|1,00|2,62|0,00||0,00|0,00|0,00||
|H030|0|11053630000140|0|73182900|3529|PC|0,84|6,00|5,04|0,00||0,00|0,00|0,00||
|H030|0|11053630000140|0|84139190|3530|PC|0,00|1,00|0,00|0,00||0,00|0,00|0,00||
|H030|0|11053630000140|0|73182900|3534|PC|0,27|31,00|8,37|0,00||0,00|0,00|0,00||
|H030|0|11053630000140|0|40169300|3535|PC|38,82|3,00|116,46|0,00||0,00|0,00|0,00||
|H030|0|11053630000140|0|73181500|3536|PC|3,38|6,00|20,28|0,00||0,00|0,00|0,00||
|H030|0|11053630000140|0|73181900|3537|PC|7,19|5,00|35,95|0,00||0,00|0,00|0,00||
|H030|0|11053630000140|0|87089990|3539|PC|7,82|27,00|211,15|0,00||0,00|0,00|0,00||
|H030|0|11053630000140|0|87089990|3541|PC|3,06|8,00|24,48|0,00||0,00|0,00|0,00||
|H030|0|11053630000140|0|87089990|3542|PC|7,96|1,00|7,96|0,00||0,00|0,00|0,00||
|H030|0|11053630000140|0|40169300|3544|PC|0,00|1,00|0,00|0,00||0,00|0,00|0,00||
|H030|0|11053630000140|0|40169300|3545|PC|11,19|5,00|55,95|0,00||0,00|0,00|0,00||
|H030|0|11053630000140|0|40169300|3546|PC|0,00|1,00|0,00|0,00||0,00|0,00|0,00||
|H030|0|11053630000140|0|84219999|3547|PC|883,87|1,00|883,87|0,00||0,00|0,00|0,00||
|H030|0|11053630000140|0|40093290|3548|PC|140,97|1,00|140,97|0,00||0,00|0,00|0,00||
|H030|0|11053630000140|0|87089990|3550|PC|49,38|2,00|98,76|0,00||0,00|0,00|0,00||
|H030|0|11053630000140|0|87089990|3551|PC|53,46|1,00|53,46|0,00||0,00|0,00|0,00||
|H030|0|11053630000140|0|73182200|3552|PC|11,07|5,00|55,35|0,00||0,00|0,00|0,00||
|H030|0|11053630000140|0|73182900|3553|PC|0,00|3,00|0,00|0,00||0,00|0,00|0,00||
|H030|0|11053630000140|0|40169300|3555|PC|0,00|1,00|0,00|0,00||0,00|0,00|0,00||
|H030|0|11053630000140|0|84248119|3559|PC|0,00|4,00|0,00|0,00||0,00|0,00|0,00||
|H030|0|11053630000140|0|87084090|3577|PC|0,00|1,00|0,00|0,00||0,00|0,00|0,00||
|H030|0|11053630000140|0|87162000|3578|UN|4048,00|1,00|4048,00|0,00||0,00|0,00|0,00||
|H030|0|11053630000140|0|84831090|3582|PC|58,50|2,00|117,00|0,00||0,00|0,00|0,00||
|H030|0|11053630000140|0|74153300|3583|PC|18,67|1,00|18,67|0,00||0,00|0,00|0,00||
|H030|0|11053630000140|0|73181600|3589|PC|0,06|11,00|0,66|0,00||0,00|0,00|0,00||
|H030|0|11053630000140|0|84099979|3590|UN|0,00|4,00|0,00|0,00||0,00|0,00|0,00||
|H030|0|11053630000140|0|84821090|3598|PC|18,91|3,00|56,73|0,00||0,00|0,00|0,00||
|H030|0|11053630000140|0|73181500|3599|PC|0,00|2,00|0,00|0,00||0,00|0,00|0,00||
|H030|0|11053630000140|0|73182900|3601|PC|3,22|2,00|6,44|0,00||0,00|0,00|0,00||
|H030|0|11053630000140|0|87089990|3603|PC|0,00|2,00|0,00|0,00||0,00|0,00|0,00||
|H030|0|11053630000140|0|87089990|3608|PC|22,24|8,00|177,92|0,00||0,00|0,00|0,00||
|H030|0|11053630000140|0|84328000|3610|UN|7663,12|2,00|15326,23|0,00||0,00|0,00|0,00||
|H030|0|11053630000140|0|87089990|3611|PC|0,00|1,00|0,00|0,00||0,00|0,00|0,00||
|H030|0|11053630000140|0|40093100|3612|PC|12,99|1,00|12,99|0,00||0,00|0,00|0,00||
|H030|0|11053630000140|0|40093100|3613|PC|0,00|1,00|0,00|0,00||0,00|0,00|0,00||
|H030|0|11053630000140|0|90328982|3615|PC|0,00|1,00|0,00|0,00||0,00|0,00|0,00||
|H030|0|11053630000140|0|87089412|3617|PC|0,00|1,00|0,00|0,00||0,00|0,00|0,00||
|H030|0|11053630000140|0|87089412|3618|PC|81,06|4,00|324,24|0,00||0,00|0,00|0,00||
|H030|0|11053630000140|0|87089990|3621|PC|0,00|4,00|0,00|0,00||0,00|0,00|0,00||
|H030|0|11053630000140|0|73202090|3622|PC|1,34|10,00|13,40|0,00||0,00|0,00|0,00||
|H030|0|11053630000140|0|73182400|3623|PC|0,00|8,00|0,00|0,00||0,00|0,00|0,00||
|H030|0|11053630000140|0|84195090|3624|PC|0,00|1,00|0,00|0,00||0,00|0,00|0,00||
|H030|0|11053630000140|0|87089300|3625|PC|0,00|1,00|0,00|0,00||0,00|0,00|0,00||
|H030|0|11053630000140|0|84835010|3626|PC|0,00|1,00|0,00|0,00||0,00|0,00|0,00||
|H030|0|11053630000140|0|39269090|3627|PC|0,00|10,00|0,00|0,00||0,00|0,00|0,00||
|H030|0|11053630000140|0|87089990|3628|PC|131,81|2,00|263,62|0,00||0,00|0,00|0,00||
|H030|0|11053630000140|0|40169300|3630|PC|1,87|8,00|14,97|0,00||0,00|0,00|0,00||
|H030|0|11053630000140|0|84219999|3631|PC|17,70|7,00|123,86|0,00||0,00|0,00|0,00||
|H030|0|11053630000140|0|84822090|3635|PC|36,91|2,00|73,82|0,00||0,00|0,00|0,00||
|H030|0|11053630000140|0|84821090|3636|PC|72,95|8,00|583,60|0,00||0,00|0,00|0,00||
|H030|0|11053630000140|0|40169300|3644|UN|14,00|2,00|28,00|0,00||0,00|0,00|0,00||
|H030|0|11053630000140|0|73182400|3648|UN|3,56|3,00|10,68|0,00||0,00|0,00|0,00||
|H030|0|11053630000140|0|73269090|3653|PC|3,17|5,00|15,85|0,00||0,00|0,00|0,00||
|H030|0|11053630000140|0|84213100|3659|PC|0,00|1,00|0,00|0,00||0,00|0,00|0,00||
|H030|0|11053630000140|0|84329000|3667|PC|0,00|1,00|0,00|0,00||0,00|0,00|0,00||
|H030|0|11053630000140|0|73182900|3669|UN|11,07|2,00|22,14|0,00||0,00|0,00|0,00||
|H030|0|11053630000140|0|84814000|3670|UN|17,96|1,00|17,96|0,00||0,00|0,00|0,00||
|H030|0|11053630000140|0|73259910|3671|PC|1,19|4,00|4,76|0,00||0,00|0,00|0,00||
|H030|0|11053630000140|0|73202010|3672|UN|0,74|2,00|1,48|0,00||0,00|0,00|0,00||
|H030|0|11053630000140|0|40169300|3674|UN|0,26|14,00|3,64|0,00||0,00|0,00|0,00||
|H030|0|11053630000140|0|40169300|3678|UN|0,12|1,00|0,12|0,00||0,00|0,00|0,00||
|H030|0|11053630000140|0|40169300|3679|UN|0,10|6,00|0,60|0,00||0,00|0,00|0,00||
|H030|0|11053630000140|0|76161000|3680|UN|0,23|11,00|2,53|0,00||0,00|0,00|0,00||
|H030|0|11053630000140|0|40169300|3681|UN|0,32|10,00|3,20|0,00||0,00|0,00|0,00||
|H030|0|11053630000140|0|40169300|3682|UN|5,29|2,00|10,58|0,00||0,00|0,00|0,00||
|H030|0|11053630000140|0|73182200|3683|UN|0,71|2,00|1,42|0,00||0,00|0,00|0,00||
|H030|0|11053630000140|0|73182900|3684|UN|12,38|2,00|24,76|0,00||0,00|0,00|0,00||
|H030|0|11053630000140|0|40169300|3689|UN|5,19|3,00|15,57|0,00||0,00|0,00|0,00||
|H030|0|11053630000140|0|40169300|3690|UN|5,31|1,00|5,31|0,00||0,00|0,00|0,00||
|H030|0|11053630000140|0|87089990|3691|PC|46,57|1,00|46,57|0,00||0,00|0,00|0,00||
|H030|0|11053630000140|0|40169300|3693|UN|4,10|4,00|16,40|0,00||0,00|0,00|0,00||
|H030|0|11053630000140|0|40169300|3695|UN|5,93|2,00|11,86|0,00||0,00|0,00|0,00||
|H030|0|11053630000140|0|84212990|3701|PC|71,77|1,00|71,77|0,00||0,00|0,00|0,00||
|H030|0|11053630000140|0|40103900|3704|PC|0,00|2,00|0,00|0,00||0,00|0,00|0,00||
|H030|0|11053630000140|0|40092190|3712|MT|91,00|1,00|91,00|0,00||0,00|0,00|0,00||
|H030|0|11053630000140|0|73182200|3718|PC|0,00|3,00|0,00|0,00||0,00|0,00|0,00||
|H030|0|11053630000140|0|73182200|3719|PC|0,00|3,00|0,00|0,00||0,00|0,00|0,00||
|H030|0|11053630000140|0|73182200|3720|PC|0,00|5,00|0,00|0,00||0,00|0,00|0,00||
|H030|0|11053630000140|0|73182200|3722|PC|0,00|2,00|0,00|0,00||0,00|0,00|0,00||
|H030|0|11053630000140|0|84842000|3723|PC|0,00|4,00|0,00|0,00||0,00|0,00|0,00||
|H030|0|11053630000140|0|87089412|3729|PC|0,00|1,00|0,00|0,00||0,00|0,00|0,00||
|H030|0|11053630000140|0|39269090|3732|UN|3,44|4,00|13,76|0,00||0,00|0,00|0,00||
|H030|0|11053630000140|0|73181900|3743|PC|1,08|52,00|56,16|0,00||0,00|0,00|0,00||
|H030|0|11053630000140|0|73182900|3746|PC|0,00|1,00|0,00|0,00||0,00|0,00|0,00||
|H030|0|11053630000140|0|84835010|3747|PC|254,59|1,00|254,59|0,00||0,00|0,00|0,00||
|H030|0|11053630000140|0|73269090|3748|PC|10,27|6,00|61,62|0,00||0,00|0,00|0,00||
|H030|0|11053630000140|0|84812019|3749|PC|0,00|2,00|0,00|0,00||0,00|0,00|0,00||
|H030|0|11053630000140|0|84842000|3752|PC|3,23|2,00|6,46|0,00||0,00|0,00|0,00||
|H030|0|11053630000140|0|87089990|3757|UN|154,55|1,00|154,55|0,00||0,00|0,00|0,00||
|H030|0|11053630000140|0|84133090|3758|PC|113,17|2,00|226,34|0,00||0,00|0,00|0,00||
|H030|0|11053630000140|0|87089412|3759|PC|0,00|1,00|0,00|0,00||0,00|0,00|0,00||
|H030|0|11053630000140|0|84833090|3760|PC|28,05|2,00|56,10|0,00||0,00|0,00|0,00||
|H030|0|11053630000140|0|73181900|3761|PC|64,99|4,00|259,96|0,00||0,00|0,00|0,00||
|H030|0|11053630000140|0|40103900|3765|PC|0,00|1,00|0,00|0,00||0,00|0,00|0,00||
|H030|0|11053630000140|0|84212300|3767|PC|21,72|2,00|43,44|0,00||0,00|0,00|0,00||
|H030|0|11053630000140|0|84212990|3769|PC|75,11|1,00|75,11|0,00||0,00|0,00|0,00||
|H030|0|11053630000140|0|84219999|3770|PC|0,00|2,00|0,00|0,00||0,00|0,00|0,00||
|H030|0|11053630000140|0|87089412|3771|PC|44,26|3,00|132,78|0,00||0,00|0,00|0,00||
|H030|0|11053630000140|0|87089412|3772|PC|44,74|2,00|89,48|0,00||0,00|0,00|0,00||
|H030|0|11053630000140|0|87089990|3773|PC|50,95|1,00|50,95|0,00||0,00|0,00|0,00||
|H030|0|11053630000140|0|87089990|3787|PC|0,00|1,00|0,00|0,00||0,00|0,00|0,00||
|H030|0|11053630000140|0|87089990|3788|PC|45,20|3,00|135,60|0,00||0,00|0,00|0,00||
|H030|0|11053630000140|0|84329000|3790|PC|178,93|10,00|1789,30|0,00||0,00|0,00|0,00||
|H030|0|11053630000140|0|73181600|3792|PC|67,18|2,00|134,36|0,00||0,00|0,00|0,00||
|H030|0|11053630000140|0|73182900|3793|PC|0,00|2,00|0,00|0,00||0,00|0,00|0,00||
|H030|0|11053630000140|0|87089990|3801|PC|26,02|2,00|52,04|0,00||0,00|0,00|0,00||
|H030|0|11053630000140|0|84136011|3802|PC|0,00|1,00|0,00|0,00||0,00|0,00|0,00||
|H030|0|11053630000140|0|84339090|3803|PC|0,00|1,00|0,00|0,00||0,00|0,00|0,00||
|H030|0|11053630000140|0|85119000|3810|UN|95,10|1,00|95,10|0,00||0,00|0,00|0,00||
|H030|0|11053630000140|0|39269090|3812|PC|0,00|1,00|0,00|0,00||0,00|0,00|0,00||
|H030|0|11053630000140|0|84219999|3822|PC|67,62|7,00|473,34|0,00||0,00|0,00|0,00||
|H030|0|11053630000140|0|84219999|3823|PC|28,78|5,00|143,90|0,00||0,00|0,00|0,00||
|H030|0|11053630000140|0|84219999|3824|PC|0,00|1,00|0,00|0,00||0,00|0,00|0,00||
|H030|0|11053630000140|0|84219999|3825|PC|0,00|1,00|0,00|0,00||0,00|0,00|0,00||
|H030|0|11053630000140|0|84099999|3831|PC|20,26|4,00|81,04|0,00||0,00|0,00|0,00||
|H030|0|11053630000140|0|40169300|3832|PC|4,23|2,00|8,46|0,00||0,00|0,00|0,00||
|H030|0|11053630000140|0|73182200|3834|PC|0,00|3,00|0,00|0,00||0,00|0,00|0,00||
|H030|0|11053630000140|0|73182200|3835|PC|0,00|3,00|0,00|0,00||0,00|0,00|0,00||
|H030|0|11053630000140|0|73182200|3836|PC|0,00|1,00|0,00|0,00||0,00|0,00|0,00||
|H030|0|11053630000140|0|87089300|3841|PC|78,66|1,00|78,66|0,00||0,00|0,00|0,00||
|H030|0|11053630000140|0|84849000|3843|PC|92,67|2,00|185,34|0,00||0,00|0,00|0,00||
|H030|0|11053630000140|0|84219999|3844|PC|16,91|5,00|84,55|0,00||0,00|0,00|0,00||
|H030|0|11053630000140|0|84822010|3846|PC|20,44|1,00|20,44|0,00||0,00|0,00|0,00||
|H030|0|11053630000140|0|40169300|3847|PC|3,99|12,00|47,88|0,00||0,00|0,00|0,00||
|H030|0|11053630000140|0|84835010|3850|PC|260,42|1,00|260,42|0,00||0,00|0,00|0,00||
|H030|0|11053630000140|0|69091990|3851|PC|138,76|2,00|277,52|0,00||0,00|0,00|0,00||
|H030|0|11053630000140|0|87089990|3853|PC|0,00|6,00|0,00|0,00||0,00|0,00|0,00||
|H030|0|11053630000140|0|84136011|3854|PC|795,78|1,00|795,78|0,00||0,00|0,00|0,00||
|H030|0|11053630000140|0|87089990|3858|PC|224,44|1,00|224,44|0,00||0,00|0,00|0,00||
|H030|0|11053630000140|0|87089990|3859|PC|437,32|1,00|437,32|0,00||0,00|0,00|0,00||
|H030|0|11053630000140|0|84139190|3864|PC|17,53|3,00|52,59|0,00||0,00|0,00|0,00||
|H030|0|11053630000140|0|84249090|3865|PC|0,00|1,00|0,00|0,00||0,00|0,00|0,00||
|H030|0|11053630000140|0|85361000|3866|UN|0,30|58,00|17,40|0,00||0,00|0,00|0,00||
|H030|0|11053630000140|0|84833090|3887|PC|0,00|2,00|0,00|0,00||0,00|0,00|0,00||
|H030|0|11053630000140|0|73182900|3888|PC|0,00|2,00|0,00|0,00||0,00|0,00|0,00||
|H030|0|11053630000140|0|87089412|3904|PC|0,00|1,00|0,00|0,00||0,00|0,00|0,00||
|H030|0|11053630000140|0|84833090|3912|PC|133,41|1,00|133,41|0,00||0,00|0,00|0,00||
|H030|0|11053630000140|0|48043990|3917|PC|2,76|1,00|2,76|0,00||0,00|0,00|0,00||
|H030|0|11053630000140|0|73071920|3922|PC|13,98|1,00|13,98|0,00||0,00|0,00|0,00||
|H030|0|11053630000140|0|84835010|3938|PC|106,71|1,00|106,71|0,00||0,00|0,00|0,00||
|H030|0|11053630000140|0|87089990|3940|PC|2,01|8,00|16,08|0,00||0,00|0,00|0,00||
|H030|0|11053630000140|0|73182900|3944|UN|0,28|1,00|0,28|0,00||0,00|0,00|0,00||
|H030|0|11053630000140|0|84329000|3950|CJ|0,00|1,00|0,00|0,00||0,00|0,00|0,00||
|H030|0|11053630000140|0|40092190|3954|PC|52,17|3,00|156,51|0,00||0,00|0,00|0,00||
|H030|0|11053630000140|0|39269090|3955|PC|5,93|5,00|29,65|0,00||0,00|0,00|0,00||
|H030|0|11053630000140|0|39269090|3956|PC|2,25|4,00|9,00|0,00||0,00|0,00|0,00||
|H030|0|11053630000140|0|84219999|3960|PC|19,97|2,00|39,94|0,00||0,00|0,00|0,00||
|H030|0|11053630000140|0|83100000|3962|PC|7,36|2,00|14,72|0,00||0,00|0,00|0,00||
|H030|0|11053630000140|0|87085019|3964|PC|251,41|1,00|251,41|0,00||0,00|0,00|0,00||
|H030|0|11053630000140|0|84824000|3971|PC|17,72|2,00|35,44|0,00||0,00|0,00|0,00||
|H030|0|11053630000140|0|73181500|3972|PC|11,53|1,00|11,53|0,00||0,00|0,00|0,00||
|H030|0|11053630000140|0|85122011|3973|PC|53,43|1,00|53,43|0,00||0,00|0,00|0,00||
|H030|0|11053630000140|0|87089300|3978|PC|145,78|1,00|145,78|0,00||0,00|0,00|0,00||
|H030|0|11053630000140|0|87089300|3979|PC|0,00|1,00|0,00|0,00||0,00|0,00|0,00||
|H030|0|11053630000140|0|87089990|3982|PC|7,69|1,00|7,69|0,00||0,00|0,00|0,00||
|H030|0|11053630000140|0|40169300|3990|PC|2,84|2,00|5,68|0,00||0,00|0,00|0,00||
|H030|0|11053630000140|0|84249090|4000|PC|582,42|1,00|582,42|0,00||0,00|0,00|0,00||
|H030|0|11053630000140|0|73202010|4002|PC|1,48|12,00|17,76|0,00||0,00|0,00|0,00||
|H030|0|11053630000140|0|40169300|4004|PC|0,00|3,00|0,00|0,00||0,00|0,00|0,00||
|H030|0|11053630000140|0|39174090|4013|PC|4,35|5,00|21,75|0,00||0,00|0,00|0,00||
|H030|0|11053630000140|0|84219999|4017|UN|81,44|1,00|81,44|0,00||0,00|0,00|0,00||
|H030|0|11053630000140|0|84213100|4018|UN|60,21|1,00|60,21|0,00||0,00|0,00|0,00||
|H030|0|11053630000140|0|40169990|4021|PC|0,00|1,00|0,00|0,00||0,00|0,00|0,00||
|H030|0|11053630000140|0|40093100|4022|PC|0,00|1,00|0,00|0,00||0,00|0,00|0,00||
|H030|0|11053630000140|0|73182900|4028|PC|0,00|2,00|0,00|0,00||0,00|0,00|0,00||
|H030|0|11053630000140|0|87089990|4039|PC|0,00|2,00|0,00|0,00||0,00|0,00|0,00||
|H030|0|11053630000140|0|85392910|4040|PC|0,92|14,00|12,88|0,00||0,00|0,00|0,00||
|H030|0|11053630000140|0|39269090|4041|PC|0,77|99,00|76,23|0,00||0,00|0,00|0,00||
|H030|0|11053630000140|0|39269090|4042|PC|0,39|21,00|8,19|0,00||0,00|0,00|0,00||
|H030|0|11053630000140|0|40103900|4044|PC|155,84|6,00|935,04|0,00||0,00|0,00|0,00||
|H030|0|11053630000140|0|74152100|4056|PC|46,36|3,00|139,08|0,00||0,00|0,00|0,00||
|H030|0|11053630000140|0|40093100|4076|PC|4,18|2,00|8,36|0,00||0,00|0,00|0,00||
|H030|0|11053630000140|0|87089990|4078|PC|35,00|1,00|35,00|0,00||0,00|0,00|0,00||
|H030|0|11053630000140|0|73182900|4079|PC|0,00|2,00|0,00|0,00||0,00|0,00|0,00||
|H030|0|11053630000140|0|84219999|4080|PC|0,00|1,00|0,00|0,00||0,00|0,00|0,00||
|H030|0|11053630000140|0|87089990|4082|PC|0,00|1,00|0,00|0,00||0,00|0,00|0,00||
|H030|0|11053630000140|0|87089990|4087|PC|0,00|1,00|0,00|0,00||0,00|0,00|0,00||
|H030|0|11053630000140|0|90292010|4091|PC|0,00|1,00|0,00|0,00||0,00|0,00|0,00||
|H030|0|11053630000140|0|87089990|4097|UN|8,38|2,00|16,76|0,00||0,00|0,00|0,00||
|H030|0|11053630000140|0|84849000|4100|PC|0,00|1,00|0,00|0,00||0,00|0,00|0,00||
|H030|0|11053630000140|0|87089990|4104|PC|0,00|1,00|0,00|0,00||0,00|0,00|0,00||
|H030|0|11053630000140|0|84821010|4109|UN|16,00|3,00|48,00|0,00||0,00|0,00|0,00||
|H030|0|11053630000140|0|73181900|4112|PC|0,00|2,00|0,00|0,00||0,00|0,00|0,00||
|H030|0|11053630000140|0|84139190|4114|PC|0,00|2,00|0,00|0,00||0,00|0,00|0,00||
|H030|0|11053630000140|0|73182200|4120|PC|0,26|200,00|52,00|0,00||0,00|0,00|0,00||
|H030|0|11053630000140|0|84821010|4121|PC|9,51|2,00|19,02|0,00||0,00|0,00|0,00||
|H030|0|11053630000140|0|84842000|4122|PC|3,20|2,00|6,40|0,00||0,00|0,00|0,00||
|H030|0|11053630000140|0|87089990|4124|PC|0,00|1,00|0,00|0,00||0,00|0,00|0,00||
|H030|0|11053630000140|0|90262010|4125|PC|0,00|1,00|0,00|0,00||0,00|0,00|0,00||
|H030|0|11053630000140|0|73182900|4126|PC|8,93|3,00|26,79|0,00||0,00|0,00|0,00||
|H030|0|11053630000140|0|73182900|4127|PC|4,29|2,00|8,58|0,00||0,00|0,00|0,00||
|H030|0|11053630000140|0|73182900|4131|PC|0,00|6,00|0,00|0,00||0,00|0,00|0,00||
|H030|0|11053630000140|0|87089990|4139|PC|0,00|1,00|0,00|0,00||0,00|0,00|0,00||
|H030|0|11053630000140|0|74122000|4140|PC|88,92|1,00|88,92|0,00||0,00|0,00|0,00||
|H030|0|11053630000140|0|73170090|4143|PC|2,08|4,00|8,32|0,00||0,00|0,00|0,00||
|H030|0|11053630000140|0|87089990|4145|PC|97,02|1,00|97,02|0,00||0,00|0,00|0,00||
|H030|0|11053630000140|0|84133090|4159|PC|211,64|9,00|1904,76|0,00||0,00|0,00|0,00||
|H030|0|11053630000140|0|84099999|4162|PC|10,89|8,00|87,12|0,00||0,00|0,00|0,00||
|H030|0|11053630000140|0|85365090|4163|UN|0,00|1,00|0,00|0,00||0,00|0,00|0,00||
|H030|0|11053630000140|0|73202090|4172|UN|4,67|16,00|74,72|0,00||0,00|0,00|0,00||
|H030|0|11053630000140|0|84825090|4173|PC|64,19|1,00|64,19|0,00||0,00|0,00|0,00||
|H030|0|11053630000140|0|84821010|4174|PC|0,00|2,00|0,00|0,00||0,00|0,00|0,00||
|H030|0|11053630000140|0|84833029|4187|PC|40,83|2,00|81,66|0,00||0,00|0,00|0,00||
|H030|0|11053630000140|0|84829190|4190|PC|0,38|108,00|41,04|0,00||0,00|0,00|0,00||
|H030|0|11053630000140|0|84824000|4200|PC|3,34|3,00|10,02|0,00||0,00|0,00|0,00||
|H030|0|11053630000140|0|87089990|4202|PC|47,26|6,00|283,56|0,00||0,00|0,00|0,00||
|H030|0|11053630000140|0|40169300|4215|PC|1,57|7,00|10,99|0,00||0,00|0,00|0,00||
|H030|0|11053630000140|0|85119000|4221|UN|10,00|2,00|20,00|0,00||0,00|0,00|0,00||
|H030|0|11053630000140|0|40169300|4228|PC|21,11|3,00|63,33|0,00||0,00|0,00|0,00||
|H030|0|11053630000140|0|84212300|4241|PC|0,00|1,00|0,00|0,00||0,00|0,00|0,00||
|H030|0|11053630000140|0|84833029|4243|PC|0,00|5,00|0,00|0,00||0,00|0,00|0,00||
|H030|0|11053630000140|0|84833090|4245|PC|179,30|2,00|358,60|0,00||0,00|0,00|0,00||
|H030|0|11053630000140|0|84821010|4251|PC|0,00|1,00|0,00|0,00||0,00|0,00|0,00||
|H030|0|11053630000140|0|85119000|4253|UN|193,35|1,00|193,35|0,00||0,00|0,00|0,00||
|H030|0|11053630000140|0|87089990|4269|PC|322,76|1,00|322,76|0,00||0,00|0,00|0,00||
|H030|0|11053630000140|0|84822010|4272|PC|0,00|2,00|0,00|0,00||0,00|0,00|0,00||
|H030|0|11053630000140|0|74152100|4275|PC|13,00|1,00|13,00|0,00||0,00|0,00|0,00||
|H030|0|11053630000140|0|90328982|4276|PC|0,00|2,00|0,00|0,00||0,00|0,00|0,00||
|H030|0|11053630000140|0|84822090|4277|PC|14,98|4,00|59,92|0,00||0,00|0,00|0,00||
|H030|0|11053630000140|0|73181500|4278|PC|0,00|1,00|0,00|0,00||0,00|0,00|0,00||
|H030|0|11053630000140|0|87089990|4280|PC|0,00|1,00|0,00|0,00||0,00|0,00|0,00||
|H030|0|11053630000140|0|39269090|4281|PC|2,68|9,00|24,12|0,00||0,00|0,00|0,00||
|H030|0|11053630000140|0|84841000|4282|PC|0,00|1,00|0,00|0,00||0,00|0,00|0,00||
|H030|0|11053630000140|0|40169300|4283|PC|0,00|2,00|0,00|0,00||0,00|0,00|0,00||
|H030|0|11053630000140|0|73182900|4284|PC|4,00|16,00|64,00|0,00||0,00|0,00|0,00||
|H030|0|11053630000140|0|40169300|4285|PC|1,26|5,00|6,30|0,00||0,00|0,00|0,00||
|H030|0|11053630000140|0|39269090|4288|PC|6,71|7,00|46,97|0,00||0,00|0,00|0,00||
|H030|0|11053630000140|0|40169300|4293|PC|0,00|2,00|0,00|0,00||0,00|0,00|0,00||
|H030|0|11053630000140|0|87089990|4304|PC|9,47|1,00|9,47|0,00||0,00|0,00|0,00||
|H030|0|11053630000140|0|40169300|4305|PC|2,60|6,00|15,60|0,00||0,00|0,00|0,00||
|H030|0|11053630000140|0|87084090|4307|PC|0,00|2,00|0,00|0,00||0,00|0,00|0,00||
|H030|0|11053630000140|0|40082900|4308|PC|14,68|3,00|44,04|0,00||0,00|0,00|0,00||
|H030|0|11053630000140|0|84329000|4313|PC|784,00|2,00|1568,00|0,00||0,00|0,00|0,00||
|H030|0|11053630000140|0|84822010|4316|PC|12,61|3,00|37,83|0,00||0,00|0,00|0,00||
|H030|0|11053630000140|0|40169300|4319|PC|0,00|3,00|0,00|0,00||0,00|0,00|0,00||
|H030|0|11053630000140|0|40169300|4320|UN|2,14|4,00|8,56|0,00||0,00|0,00|0,00||
|H030|0|11053630000140|0|40169300|4322|UN|0,06|10,00|0,60|0,00||0,00|0,00|0,00||
|H030|0|11053630000140|0|85119000|4332|PC|35,00|2,00|70,00|0,00||0,00|0,00|0,00||
|H030|0|11053630000140|0|73181600|4337|PC|0,34|3,00|1,02|0,00||0,00|0,00|0,00||
|H030|0|11053630000140|0|85365090|4348|PC|0,00|1,00|0,00|0,00||0,00|0,00|0,00||
|H030|0|11053630000140|0|87089990|4354|PC|46,54|1,00|46,54|0,00||0,00|0,00|0,00||
|H030|0|11053630000140|0|40169300|4355|PC|0,00|1,00|0,00|0,00||0,00|0,00|0,00||
|H030|0|11053630000140|0|84133090|4356|PC|821,10|1,00|821,10|0,00||0,00|0,00|0,00||
|H030|0|11053630000140|0|90251990|4361|PC|0,00|1,00|0,00|0,00||0,00|0,00|0,00||
|H030|0|11053630000140|0|84818092|4362|PC|0,00|1,00|0,00|0,00||0,00|0,00|0,00||
|H030|0|11053630000140|0|87089300|4366|PC|0,00|1,00|0,00|0,00||0,00|0,00|0,00||
|H030|0|11053630000140|0|84314929|4368|PC|0,00|4,00|0,00|0,00||0,00|0,00|0,00||
|H030|0|11053630000140|0|84314929|4369|PC|0,00|4,00|0,00|0,00||0,00|0,00|0,00||
|H030|0|11053630000140|0|84212300|4370|PC|89,89|5,00|449,45|0,00||0,00|0,00|0,00||
|H030|0|11053630000140|0|84212990|4371|PC|0,00|3,00|0,00|0,00||0,00|0,00|0,00||
|H030|0|11053630000140|0|40169300|4375|PC|4,51|5,00|22,55|0,00||0,00|0,00|0,00||
|H030|0|11053630000140|0|40169300|4376|PC|23,83|3,00|71,49|0,00||0,00|0,00|0,00||
|H030|0|11053630000140|0|74152100|4385|PC|0,00|43,00|0,00|0,00||0,00|0,00|0,00||
|H030|0|11053630000140|0|87089990|4388|PC|16,33|2,00|32,66|0,00||0,00|0,00|0,00||
|H030|0|11053630000140|0|40169300|4397|PC|5,66|23,00|130,18|0,00||0,00|0,00|0,00||
|H030|0|11053630000140|0|84139190|4401|PC|122,62|3,00|367,86|0,00||0,00|0,00|0,00||
|H030|0|11053630000140|0|84249090|4402|PC|151,61|1,00|151,61|0,00||0,00|0,00|0,00||
|H030|0|11053630000140|0|84249090|4403|PC|7,93|2,00|15,86|0,00||0,00|0,00|0,00||
|H030|0|11053630000140|0|39269090|4406|PC|1,22|8,00|9,76|0,00||0,00|0,00|0,00||
|H030|0|11053630000140|0|74152100|4412|PC|1,83|4,00|7,32|0,00||0,00|0,00|0,00||
|H030|0|11053630000140|0|84879000|4413|PC|17,58|3,00|52,74|0,00||0,00|0,00|0,00||
|H030|0|11053630000140|0|45049000|4422|PC|3,05|4,00|12,20|0,00||0,00|0,00|0,00||
|H030|0|11053630000140|0|87082919|4436|PC|300,00|2,00|600,00|0,00||0,00|0,00|0,00||
|H030|0|11053630000140|0|85365090|4444|PC|11,63|1,00|11,63|0,00||0,00|0,00|0,00||
|H030|0|11053630000140|0|87089990|4455|PC|62,68|2,00|125,37|0,00||0,00|0,00|0,00||
|H030|0|11053630000140|0|87089990|4456|PC|38,45|3,00|115,35|0,00||0,00|0,00|0,00||
|H030|0|11053630000140|0|87089990|4457|PC|144,50|1,00|144,50|0,00||0,00|0,00|0,00||
|H030|0|11053630000140|0|84329000|4462|PC|3,92|6,00|23,52|0,00||0,00|0,00|0,00||
|H030|0|11053630000140|0|84329000|4464|PC|4,37|2,00|8,74|0,00||0,00|0,00|0,00||
|H030|0|11053630000140|0|87089990|4465|PC|10,30|7,00|72,10|0,00||0,00|0,00|0,00||
|H030|0|11053630000140|0|87089990|4466|PC|1,92|9,00|17,28|0,00||0,00|0,00|0,00||
|H030|0|11053630000140|0|87089990|4481|PC|21,56|2,00|43,12|0,00||0,00|0,00|0,00||
|H030|0|11053630000140|0|87089990|4482|PC|24,59|2,00|49,18|0,00||0,00|0,00|0,00||
|H030|0|11053630000140|0|73181600|4483|PC|2,79|2,00|5,58|0,00||0,00|0,00|0,00||
|H030|0|11053630000140|0|85119000|4487|PC|0,25|100,00|25,00|0,00||0,00|0,00|0,00||
|H030|0|11053630000140|0|39191000|4490|UN|5,00|1,00|5,00|0,00||0,00|0,00|0,00||
|H030|0|11053630000140|0|73181600|4493|PC|6,76|10,00|67,60|0,00||0,00|0,00|0,00||
|H030|0|11053630000140|0|73181500|4503|PC|2,28|1,00|2,28|0,00||0,00|0,00|0,00||
|H030|0|11053630000140|0|73181500|4504|PC|6,76|8,00|54,08|0,00||0,00|0,00|0,00||
|H030|0|11053630000140|0|73181600|4508|PC|0,48|4,00|1,92|0,00||0,00|0,00|0,00||
|H030|0|11053630000140|0|84329000|4509|PC|0,95|6,00|5,70|0,00||0,00|0,00|0,00||
|H030|0|11053630000140|0|84821090|4531|PC|54,26|2,00|108,52|0,00||0,00|0,00|0,00||
|H030|0|11053630000140|0|40169300|4536|PC|95,00|1,00|95,00|0,00||0,00|0,00|0,00||
|H030|0|11053630000140|0|40169300|4537|PC|79,00|1,00|79,00|0,00||0,00|0,00|0,00||
|H030|0|11053630000140|0|73182200|4540|PC|6,89|3,00|20,67|0,00||0,00|0,00|0,00||
|H030|0|11053630000140|0|73182200|4541|PC|8,59|3,00|25,77|0,00||0,00|0,00|0,00||
|H030|0|11053630000140|0|73182900|4542|PC|1,00|1,00|1,00|0,00||0,00|0,00|0,00||
|H030|0|11053630000140|0|40169300|4547|PC|3,11|5,00|15,55|0,00||0,00|0,00|0,00||
|H030|0|11053630000140|0|40169300|4548|PC|1,12|2,00|2,24|0,00||0,00|0,00|0,00||
|H030|0|11053630000140|0|40169300|4549|PC|0,47|16,00|7,52|0,00||0,00|0,00|0,00||
|H030|0|11053630000140|0|40169300|4555|PC|7,33|1,00|7,33|0,00||0,00|0,00|0,00||
|H030|0|11053630000140|0|40169300|4556|PC|23,45|1,00|23,45|0,00||0,00|0,00|0,00||
|H030|0|11053630000140|0|40169300|4557|PC|5,93|2,00|11,86|0,00||0,00|0,00|0,00||
|H030|0|11053630000140|0|40169300|4558|PC|2,21|2,00|4,42|0,00||0,00|0,00|0,00||
|H030|0|11053630000140|0|73181500|4559|PC|1,17|2,00|2,34|0,00||0,00|0,00|0,00||
|H030|0|11053630000140|0|73181500|4560|PC|1,42|1,00|1,42|0,00||0,00|0,00|0,00||
|H030|0|11053630000140|0|73182200|4564|PC|0,18|6,00|1,08|0,00||0,00|0,00|0,00||
|H030|0|11053630000140|0|73182200|4565|PC|0,92|8,00|7,36|0,00||0,00|0,00|0,00||
|H030|0|11053630000140|0|73182200|4566|PC|1,38|2,00|2,76|0,00||0,00|0,00|0,00||
|H030|0|11053630000140|0|73182400|4567|PC|0,84|8,00|6,72|0,00||0,00|0,00|0,00||
|H030|0|11053630000140|0|73182900|4568|PC|2,26|1,00|2,26|0,00||0,00|0,00|0,00||
|H030|0|11053630000140|0|73182900|4569|PC|1,93|2,00|3,86|0,00||0,00|0,00|0,00||
|H030|0|11053630000140|0|73182900|4570|PC|0,24|6,00|1,44|0,00||0,00|0,00|0,00||
|H030|0|11053630000140|0|73202010|4571|PC|0,33|1,00|0,33|0,00||0,00|0,00|0,00||
|H030|0|11053630000140|0|84314929|4573|PC|4,02|1,00|4,02|0,00||0,00|0,00|0,00||
|H030|0|11053630000140|0|84829120|4574|PC|0,13|1,00|0,13|0,00||0,00|0,00|0,00||
|H030|0|11053630000140|0|87083011|4577|PC|5,69|1,00|5,69|0,00||0,00|0,00|0,00||
|H030|0|11053630000140|0|87089990|4579|PC|66,78|1,00|66,78|0,00||0,00|0,00|0,00||
|H030|0|11053630000140|0|84339090|4587|PC|78,27|1,00|78,27|0,00||0,00|0,00|0,00||
|H030|0|11053630000140|0|73181600|4588|PC|0,49|75,00|36,75|0,00||0,00|0,00|0,00||
|H030|0|11053630000140|0|84212300|4589|PC|45,83|2,00|91,66|0,00||0,00|0,00|0,00||
|H030|0|11053630000140|0|84212990|4590|PC|45,82|2,00|91,64|0,00||0,00|0,00|0,00||
|H030|0|11053630000140|0|74122000|4595|PC|36,59|4,00|146,36|0,00||0,00|0,00|0,00||
|H030|0|11053630000140|0|84139190|4596|PC|52,54|4,00|210,16|0,00||0,00|0,00|0,00||
|H030|0|11053630000140|0|84329000|4598|PC|18,63|1,00|18,63|0,00||0,00|0,00|0,00||
|H030|0|11053630000140|0|84842000|4599|PC|1,55|1,00|1,55|0,00||0,00|0,00|0,00||
|H030|0|11053630000140|0|73182900|4604|PC|25,11|2,00|50,22|0,00||0,00|0,00|0,00||
|H030|0|11053630000140|0|84822010|4608|PC|26,82|2,00|53,64|0,00||0,00|0,00|0,00||
|H030|0|11053630000140|0|84821010|4609|PC|37,42|1,00|37,42|0,00||0,00|0,00|0,00||
|H030|0|11053630000140|0|40103900|4612|PC|29,97|1,00|29,97|0,00||0,00|0,00|0,00||
|H030|0|11053630000140|0|84834090|4618|PC|185,64|2,00|371,28|0,00||0,00|0,00|0,00||
|H030|0|11053630000140|0|82084000|4619|PC|87,12|5,00|435,60|0,00||0,00|0,00|0,00||
|H030|0|11053630000140|0|84834090|4620|PC|130,86|2,00|261,72|0,00||0,00|0,00|0,00||
|H030|0|11053630000140|0|84835010|4621|PC|333,41|1,00|333,41|0,00||0,00|0,00|0,00||
|H030|0|11053630000140|0|87089990|4632|PC|135,16|1,00|135,16|0,00||0,00|0,00|0,00||
|H030|0|11053630000140|0|39174090|4643|PC|6,85|1,00|6,85|0,00||0,00|0,00|0,00||
|H030|0|11053630000140|0|84818099|4644|PC|5,05|4,00|20,20|0,00||0,00|0,00|0,00||
|H030|0|11053630000140|0|87089990|4654|PC|189,63|1,00|189,63|0,00||0,00|0,00|0,00||
|H030|0|11053630000140|0|87089990|4664|UN|143,62|1,00|143,62|0,00||0,00|0,00|0,00||
|H030|0|11053630000140|0|84099999|4665|PC|1,99|6,00|11,94|0,00||0,00|0,00|0,00||
|H030|0|11053630000140|0|87089300|4666|PC|141,84|1,00|141,84|0,00||0,00|0,00|0,00||
|H030|0|11053630000140|0|73181600|4667|PC|0,13|1,00|0,13|0,00||0,00|0,00|0,00||
|H030|0|11053630000140|0|90292010|4668|PC|141,24|2,00|282,48|0,00||0,00|0,00|0,00||
|H030|0|11053630000140|0|73181500|4670|PC|37,27|4,00|149,08|0,00||0,00|0,00|0,00||
|H030|0|11053630000140|0|73181500|4671|PC|35,32|1,00|35,32|0,00||0,00|0,00|0,00||
|H030|0|11053630000140|0|73181600|4672|PC|0,44|19,00|8,36|0,00||0,00|0,00|0,00||
|H030|0|11053630000140|0|73182900|4673|PC|5,30|5,00|26,50|0,00||0,00|0,00|0,00||
|H030|0|11053630000140|0|84212990|4677|PC|46,50|2,00|93,00|0,00||0,00|0,00|0,00||
|H030|0|11053630000140|0|84329000|4680|PC|677,50|1,00|677,50|0,00||0,00|0,00|0,00||
|H030|0|11053630000140|0|73181500|4684|PC|9,23|2,00|18,46|0,00||0,00|0,00|0,00||
|H030|0|11053630000140|0|87089300|4685|PC|22,85|11,00|251,35|0,00||0,00|0,00|0,00||
|H030|0|11053630000140|0|40082900|4686|PC|1,75|4,00|7,00|0,00||0,00|0,00|0,00||
|H030|0|11053630000140|0|40082900|4687|PC|0,94|6,00|5,64|0,00||0,00|0,00|0,00||
|H030|0|11053630000140|0|85079090|4691|PC|7,00|1,00|7,00|0,00||0,00|0,00|0,00||
|H030|0|11053630000140|0|84329000|4697|PC|13,61|16,00|217,76|0,00||0,00|0,00|0,00||
|H030|0|11053630000140|0|87089300|4698|PC|801,52|1,00|801,52|0,00||0,00|0,00|0,00||
|H030|0|11053630000140|0|87089990|4699|PC|68,06|2,00|136,12|0,00||0,00|0,00|0,00||
|H030|0|11053630000140|0|40169300|4705|PC|0,77|4,00|3,08|0,00||0,00|0,00|0,00||
|H030|0|11053630000140|0|73079200|4713|UN|176,19|1,00|176,19|0,00||0,00|0,00|0,00||
|H030|0|11053630000140|0|84833029|4716|PC|107,03|1,00|107,03|0,00||0,00|0,00|0,00||
|H030|0|11053630000140|0|85392990|4720|UN|103,69|2,00|207,38|0,00||0,00|0,00|0,00||
|H030|0|11053630000140|0|87082914|4721|PC|60,00|1,00|60,00|0,00||0,00|0,00|0,00||
|H030|0|11053630000140|0|84821010|4723|PC|9,38|5,00|46,90|0,00||0,00|0,00|0,00||
|H030|0|11053630000140|0|85364100|4724|PC|10,77|3,00|32,31|0,00||0,00|0,00|0,00||
|H030|0|11053630000140|0|85364100|4725|PC|10,90|8,00|87,20|0,00||0,00|0,00|0,00||
|H030|0|11053630000140|0|39269090|4726|PC|0,26|11,00|2,86|0,00||0,00|0,00|0,00||
|H030|0|11053630000140|0|85079090|4727|PC|2,97|10,00|29,70|0,00||0,00|0,00|0,00||
|H030|0|11053630000140|0|40169300|4728|PC|0,63|3,00|1,89|0,00||0,00|0,00|0,00||
|H030|0|11053630000140|0|40169300|4730|PC|6,46|1,00|6,46|0,00||0,00|0,00|0,00||
|H030|0|11053630000140|0|40169300|4731|PC|42,93|2,00|85,86|0,00||0,00|0,00|0,00||
|H030|0|11053630000140|0|84099117|4732|PC|7,34|2,00|14,68|0,00||0,00|0,00|0,00||
|H030|0|11053630000140|0|84099914|4733|PC|15,25|1,00|15,25|0,00||0,00|0,00|0,00||
|H030|0|11053630000140|0|84099914|4734|PC|19,18|1,00|19,18|0,00||0,00|0,00|0,00||
|H030|0|11053630000140|0|84833029|4738|PC|44,48|4,00|177,92|0,00||0,00|0,00|0,00||
|H030|0|11053630000140|0|84849000|4739|PC|133,15|1,00|133,15|0,00||0,00|0,00|0,00||
|H030|0|11053630000140|0|84824000|4744|PC|8,50|2,00|17,00|0,00||0,00|0,00|0,00||
|H030|0|11053630000140|0|85119000|4747|UN|5,50|1,00|5,50|0,00||0,00|0,00|0,00||
|H030|0|11053630000140|0|40169300|4749|PC|55,78|1,00|55,78|0,00||0,00|0,00|0,00||
|H030|0|11053630000140|0|40169300|4750|PC|61,36|10,00|613,64|0,00||0,00|0,00|0,00||
|H030|0|11053630000140|0|87089990|4751|UN|135,98|1,00|135,98|0,00||0,00|0,00|0,00||
|H030|0|11053630000140|0|84329000|4752|UN|19,73|4,00|78,92|0,00||0,00|0,00|0,00||
|H030|0|11053630000140|0|40169300|4753|PC|3,45|5,00|17,25|0,00||0,00|0,00|0,00||
|H030|0|11053630000140|0|73181500|4761|PC|5,85|3,00|17,55|0,00||0,00|0,00|0,00||
|H030|0|11053630000140|0|73202010|4762|PC|10,54|1,00|10,54|0,00||0,00|0,00|0,00||
|H030|0|11053630000140|0|87089990|4765|PC|170,00|1,00|170,00|0,00||0,00|0,00|0,00||
|H030|0|11053630000140|0|87089990|4766|PC|40,00|1,00|40,00|0,00||0,00|0,00|0,00||
|H030|0|11053630000140|0|87089990|4769|PC|570,00|1,00|570,00|0,00||0,00|0,00|0,00||
|H030|0|11053630000140|0|84824000|4771|PC|19,40|2,00|38,80|0,00||0,00|0,00|0,00||
|H030|0|11053630000140|0|87089990|4772|PC|284,80|1,00|284,80|0,00||0,00|0,00|0,00||
|H030|0|11053630000140|0|87085012|4774|PC|108,07|1,00|108,07|0,00||0,00|0,00|0,00||
|H030|0|11053630000140|0|87085012|4775|PC|108,07|1,00|108,07|0,00||0,00|0,00|0,00||
|H030|0|11053630000140|0|73181500|4776|PC|4,45|2,00|8,90|0,00||0,00|0,00|0,00||
|H030|0|11053630000140|0|40169300|4781|PC|8,89|1,00|8,89|0,00||0,00|0,00|0,00||
|H030|0|11053630000140|0|87084090|4783|PC|63,92|1,00|63,92|0,00||0,00|0,00|0,00||
|H030|0|11053630000140|0|87084090|4784|PC|59,38|1,00|59,38|0,00||0,00|0,00|0,00||
|H030|0|11053630000140|0|40169300|4785|PC|31,85|2,00|63,70|0,00||0,00|0,00|0,00||
|H030|0|11053630000140|0|87089990|4788|PC|189,70|1,00|189,70|0,00||0,00|0,00|0,00||
|H030|0|11053630000140|0|87089990|4789|PC|54,86|1,00|54,86|0,00||0,00|0,00|0,00||
|H030|0|11053630000140|0|87089990|4790|PC|83,56|2,00|167,12|0,00||0,00|0,00|0,00||
|H030|0|11053630000140|0|40093100|4792|MT|145,69|1,00|145,69|0,00||0,00|0,00|0,00||
|H030|0|11053630000140|0|27101932|4814|BD|117,51|3,00|352,53|0,00||0,00|0,00|0,00||
|H030|0|11053630000140|0|84819090|4815|PC|8,46|1,00|8,46|0,00||0,00|0,00|0,00||
|H030|0|11053630000140|0|84819090|4816|PC|8,46|5,00|42,30|0,00||0,00|0,00|0,00||
|H030|0|11053630000140|0|84819090|4817|PC|8,46|4,00|33,84|0,00||0,00|0,00|0,00||
|H030|0|11053630000140|0|84819090|4818|PC|8,46|4,00|33,84|0,00||0,00|0,00|0,00||
|H030|0|11053630000140|0|84819090|4819|PC|8,46|5,00|42,30|0,00||0,00|0,00|0,00||
|H030|0|11053630000140|0|84819090|4820|PC|8,46|5,00|42,30|0,00||0,00|0,00|0,00||
|H030|0|11053630000140|0|84819090|4821|PC|8,46|5,00|42,30|0,00||0,00|0,00|0,00||
|H030|0|11053630000140|0|84819090|4823|PC|8,46|4,00|33,84|0,00||0,00|0,00|0,00||
|H030|0|11053630000140|0|84212300|4841|UN|14,00|1,00|14,00|0,00||0,00|0,00|0,00||
|H030|0|11053630000140|0|27101932|4842|UN|37,93|4,00|151,72|0,00||0,00|0,00|0,00||
|H030|0|11053630000140|0|84329000|4845|PC|36,90|12,00|442,80|0,00||0,00|0,00|0,00||
|H030|0|11053630000140|0|73202090|4846|PC|144,38|6,00|866,28|0,00||0,00|0,00|0,00||
|H030|0|11053630000140|0|84819090|4850|PC|160,00|3,00|480,00|0,00||0,00|0,00|0,00||
|H030|0|11053630000140|0|73181500|4851|PC|4,28|1,00|4,28|0,00||0,00|0,00|0,00||
|H030|0|11053630000140|0|84136011|4852|PC|674,66|1,00|674,66|0,00||0,00|0,00|0,00||
|H030|0|11053630000140|0|84136011|4853|PC|268,35|1,00|268,35|0,00||0,00|0,00|0,00||
|H030|0|11053630000140|0|73182200|4854|PC|0,20|19,00|3,80|0,00||0,00|0,00|0,00||
|H030|0|11053630000140|0|73182200|4855|PC|3,21|4,00|12,84|0,00||0,00|0,00|0,00||
|H030|0|11053630000140|0|73181500|4856|PC|0,50|3,00|1,50|0,00||0,00|0,00|0,00||
|H030|0|11053630000140|0|84219999|4858|PC|58,35|3,00|175,04|0,00||0,00|0,00|0,00||
|H030|0|11053630000140|0|84249090|4859|PC|8,17|10,00|81,70|0,00||0,00|0,00|0,00||
|H030|0|11053630000140|0|74122000|4861|PC|55,41|1,00|55,41|0,00||0,00|0,00|0,00||
|H030|0|11053630000140|0|84219999|4862|PC|17,35|1,00|17,35|0,00||0,00|0,00|0,00||
|H030|0|11053630000140|0|87089990|4863|PC|287,23|1,00|287,23|0,00||0,00|0,00|0,00||
|H030|0|11053630000140|0|84821010|4864|PC|18,87|8,00|150,96|0,00||0,00|0,00|0,00||
|H030|0|11053630000140|0|84329000|4865|PC|122,67|2,00|245,34|0,00||0,00|0,00|0,00||
|H030|0|11053630000140|0|84139190|4866|PC|106,84|3,00|320,52|0,00||0,00|0,00|0,00||
|H030|0|11053630000140|0|94012000|4869|UN|504,58|1,00|504,58|0,00||0,00|0,00|0,00||
|H030|0|11053630000140|0|84835010|4871|PC|671,36|1,00|671,36|0,00||0,00|0,00|0,00||
|H030|0|11053630000140|0|90299010|4872|PC|300,00|2,00|600,00|0,00||0,00|0,00|0,00||
|H030|0|11053630000140|0|87082919|4877|PC|280,44|1,00|280,44|0,00||0,00|0,00|0,00||
|H030|0|11053630000140|0|87089990|4879|PC|8,31|5,00|41,55|0,00||0,00|0,00|0,00||
|H030|0|11053630000140|0|90261029|4895|UN|60,00|1,00|60,00|0,00||0,00|0,00|0,00||
|H030|0|11053630000140|0|87089990|4899|PC|179,02|1,00|179,02|0,00||0,00|0,00|0,00||
|H030|0|11053630000140|0|76161000|4900|PC|23,95|1,00|23,95|0,00||0,00|0,00|0,00||
|H030|0|11053630000140|0|73071990|4905|PC|8,50|2,00|17,00|0,00||0,00|0,00|0,00||
|H030|0|11053630000140|0|73182400|4906|PC|2,09|5,00|10,45|0,00||0,00|0,00|0,00||
|H030|0|11053630000140|0|84249090|4907|UN|2,99|71,00|212,29|0,00||0,00|0,00|0,00||
|H030|0|11053630000140|0|84249090|4908|UN|3,90|190,00|741,00|0,00||0,00|0,00|0,00||
|H030|0|11053630000140|0|84249090|4909|UN|4,16|63,00|262,08|0,00||0,00|0,00|0,00||
|H030|0|11053630000140|0|84249090|4910|UN|2,71|124,00|336,04|0,00||0,00|0,00|0,00||
|H030|0|11053630000140|0|84249090|4911|UN|3,77|216,00|814,90|0,00||0,00|0,00|0,00||
|H030|0|11053630000140|0|84249090|4912|UN|0,91|256,00|232,96|0,00||0,00|0,00|0,00||
|H030|0|11053630000140|0|84249090|4913|UN|1,44|51,00|73,44|0,00||0,00|0,00|0,00||
|H030|0|11053630000140|0|84249090|4914|UN|2,74|100,00|274,00|0,00||0,00|0,00|0,00||
|H030|0|11053630000140|0|84249090|4915|UN|2,57|16,00|41,12|0,00||0,00|0,00|0,00||
|H030|0|11053630000140|0|84822010|4918|PC|8,47|3,00|25,41|0,00||0,00|0,00|0,00||
|H030|0|11053630000140|0|84822010|4919|PC|15,00|2,00|30,00|0,00||0,00|0,00|0,00||
|H030|0|11053630000140|0|73182100|4920|PC|12,00|2,00|24,00|0,00||0,00|0,00|0,00||
|H030|0|11053630000140|0|27101932|4923|PC|27,49|1,00|27,49|0,00||0,00|0,00|0,00||
|H030|0|11053630000140|0|84835010|4927|PC|248,81|1,00|248,81|0,00||0,00|0,00|0,00||
|H030|0|11053630000140|0|87087090|4928|PC|219,68|2,00|439,36|0,00||0,00|0,00|0,00||
|H030|0|11053630000140|0|73181500|4933|PC|10,55|1,00|10,55|0,00||0,00|0,00|0,00||
|H030|0|11053630000140|0|84824000|4936|PC|15,13|2,00|30,26|0,00||0,00|0,00|0,00||
|H030|0|11053630000140|0|84212990|4940|PC|23,28|2,00|46,56|0,00||0,00|0,00|0,00||
|H030|0|11053630000140|0|73182100|4944|PC|0,06|16,00|0,96|0,00||0,00|0,00|0,00||
|H030|0|11053630000140|0|87089990|4945|PC|55,89|2,00|111,78|0,00||0,00|0,00|0,00||
|H030|0|11053630000140|0|87089990|4946|PC|91,03|2,00|182,06|0,00||0,00|0,00|0,00||
|H030|0|11053630000140|0|87089990|4947|PC|33,23|1,00|33,23|0,00||0,00|0,00|0,00||
|H030|0|11053630000140|0|84139190|4949|UN|117,39|1,00|117,39|0,00||0,00|0,00|0,00||
|H030|0|11053630000140|0|40169300|4959|PC|10,00|2,00|20,00|0,00||0,00|0,00|0,00||
|H030|0|11053630000140|0|40169300|4960|PC|29,83|2,00|59,66|0,00||0,00|0,00|0,00||
|H030|0|11053630000140|0|39269090|4965|PC|11,00|1,00|11,00|0,00||0,00|0,00|0,00||
|H030|0|11053630000140|0|87082914|4967|PC|467,73|1,00|467,73|0,00||0,00|0,00|0,00||
|H030|0|11053630000140|0|87082914|4968|PC|467,73|1,00|467,73|0,00||0,00|0,00|0,00||
|H030|0|11053630000140|0|90261029|4971|PC|35,13|1,00|35,13|0,00||0,00|0,00|0,00||
|H030|0|11053630000140|0|63109000|4974|PC|16,00|1,00|16,00|0,00||0,00|0,00|0,00||
|H030|0|11053630000140|0|73201000|4975|UN|210,12|2,00|420,24|0,00||0,00|0,00|0,00||
|H030|0|11053630000140|0|87169090|4976|UN|0,80|3,00|2,40|0,00||0,00|0,00|0,00||
|H030|0|11053630000140|0|87082919|4978|UN|5,30|5,00|26,50|0,00||0,00|0,00|0,00||
|H030|0|11053630000140|0|40169300|4979|UN|0,88|9,00|7,92|0,00||0,00|0,00|0,00||
|H030|0|11053630000140|0|90328982|4980|PC|25,17|2,00|50,34|0,00||0,00|0,00|0,00||
|H030|0|11053630000140|0|40169300|4983|PC|33,13|1,00|33,13|0,00||0,00|0,00|0,00||
|H030|0|11053630000140|0|84212990|4984|PC|8,49|1,00|8,49|0,00||0,00|0,00|0,00||
|H030|0|11053630000140|0|84212990|4985|PC|9,76|1,00|9,76|0,00||0,00|0,00|0,00||
|H030|0|11053630000140|0|40169300|4986|PC|0,66|5,00|3,30|0,00||0,00|0,00|0,00||
|H030|0|11053630000140|0|87089412|4987|PC|24,80|2,00|49,60|0,00||0,00|0,00|0,00||
|H030|0|11053630000140|0|87089412|4988|PC|74,03|1,00|74,03|0,00||0,00|0,00|0,00||
|H030|0|11053630000140|0|87089412|4989|PC|74,03|1,00|74,03|0,00||0,00|0,00|0,00||
|H030|0|11053630000140|0|73269090|4991|UN|1,13|1,00|1,13|0,00||0,00|0,00|0,00||
|H030|0|11053630000140|0|73182900|5000|PC|5,53|5,00|27,65|0,00||0,00|0,00|0,00||
|H030|0|11053630000140|0|87082999|5006|PC|4,84|6,00|29,04|0,00||0,00|0,00|0,00||
|H030|0|11053630000140|0|40169300|5008|PC|1,91|2,00|3,82|0,00||0,00|0,00|0,00||
|H030|0|11053630000140|0|87089990|5010|PC|7,11|1,00|7,11|0,00||0,00|0,00|0,00||
|H030|0|11053630000140|0|87089990|5012|UN|67,88|1,00|67,88|0,00||0,00|0,00|0,00||
|H030|0|11053630000140|0|84212300|5014|UN|15,86|19,00|301,34|0,00||0,00|0,00|0,00||
|H030|0|11053630000140|0|40169300|5019|UN|3,01|95,00|285,95|0,00||0,00|0,00|0,00||
|H030|0|11053630000140|0|40169300|5020|UN|4,00|76,00|304,00|0,00||0,00|0,00|0,00||
|H030|0|11053630000140|0|40169990|5021|UN|9,15|2,00|18,30|0,00||0,00|0,00|0,00||
|H030|0|11053630000140|0|40169300|5022|UN|106,77|10,00|1067,70|0,00||0,00|0,00|0,00||
|H030|0|11053630000140|0|84212990|5023|UN|23,17|3,00|69,51|0,00||0,00|0,00|0,00||
|H030|0|11053630000140|0|85366100|5029|PC|45,00|1,00|45,00|0,00||0,00|0,00|0,00||
|H030|0|11053630000140|0|85119000|5030|PC|15,31|2,00|30,62|0,00||0,00|0,00|0,00||
|H030|0|11053630000140|0|40169300|5033|PC|5,97|2,00|11,94|0,00||0,00|0,00|0,00||
|H030|0|11053630000140|0|87089990|5034|PC|10,21|2,00|20,42|0,00||0,00|0,00|0,00||
|H030|0|11053630000140|0|84821090|5041|PC|51,06|1,00|51,06|0,00||0,00|0,00|0,00||
|H030|0|11053630000140|0|84822090|5043|PC|18,34|1,00|18,34|0,00||0,00|0,00|0,00||
|H030|0|11053630000140|0|84149020|5044|PC|31,19|1,00|31,19|0,00||0,00|0,00|0,00||
|H030|0|11053630000140|0|84842000|5045|PC|0,75|5,00|3,75|0,00||0,00|0,00|0,00||
|H030|0|11053630000140|0|73181500|5046|PC|3,29|8,00|26,32|0,00||0,00|0,00|0,00||
|H030|0|11053630000140|0|84842000|5047|PC|1,99|2,00|3,98|0,00||0,00|0,00|0,00||
|H030|0|11053630000140|0|87089990|5048|PC|34,52|1,00|34,52|0,00||0,00|0,00|0,00||
|H030|0|11053630000140|0|40169300|5051|UN|0,14|64,00|8,96|0,00||0,00|0,00|0,00||
|H030|0|11053630000140|0|68138190|5052|UN|35,42|10,00|354,20|0,00||0,00|0,00|0,00||
|H030|0|11053630000140|0|76161000|5053|UN|1,61|5,00|8,05|0,00||0,00|0,00|0,00||
|H030|0|11053630000140|0|84329000|5060|PC|7,00|1,00|7,00|0,00||0,00|0,00|0,00||
|H030|0|11053630000140|0|84329000|5061|PC|18,00|2,00|36,00|0,00||0,00|0,00|0,00||
|H030|0|11053630000140|0|40092190|5062|PC|66,00|1,00|66,00|0,00||0,00|0,00|0,00||
|H030|0|11053630000140|0|40103900|5065|UN|23,35|1,00|23,35|0,00||0,00|0,00|0,00||
|H030|0|11053630000140|0|27101992|5066|BD|138,60|1,00|138,60|0,00||0,00|0,00|0,00||
|H030|0|11053630000140|0|73181500|5070|PC|4,59|1,00|4,59|0,00||0,00|0,00|0,00||
|H030|0|11053630000140|0|73182900|5072|PC|1,96|1,00|1,96|0,00||0,00|0,00|0,00||
|H030|0|11053630000140|0|39269090|5075|PC|3,54|2,00|7,08|0,00||0,00|0,00|0,00||
|H030|0|11053630000140|0|87083090|5079|PC|109,60|1,00|109,60|0,00||0,00|0,00|0,00||
|H030|0|11053630000140|0|84819090|5080|PC|8,24|7,00|57,68|0,00||0,00|0,00|0,00||
|H030|0|11053630000140|0|87089990|5083|PC|21,43|1,00|21,43|0,00||0,00|0,00|0,00||
|H030|0|11053630000140|0|85119000|5084|PC|113,54|1,00|113,54|0,00||0,00|0,00|0,00||
|H030|0|11053630000140|0|87089990|5087|PC|344,41|1,00|344,41|0,00||0,00|0,00|0,00||
|H030|0|11053630000140|0|84133020|5089|PC|129,19|1,00|129,19|0,00||0,00|0,00|0,00||
|H030|0|11053630000140|0|73182900|5112|PC|14,07|1,00|14,07|0,00||0,00|0,00|0,00||
|H030|0|11053630000140|0|40169300|5113|PC|3,67|4,00|14,68|0,00||0,00|0,00|0,00||
|H030|0|11053630000140|0|40169300|5126|PC|3,70|6,00|22,20|0,00||0,00|0,00|0,00||
|H030|0|11053630000140|0|84821090|5132|PC|222,00|1,00|222,00|0,00||0,00|0,00|0,00||
|H030|0|11053630000140|0|87089990|5156|PC|2,50|1,00|2,50|0,00||0,00|0,00|0,00||
|H030|0|11053630000140|0|87089990|5157|PC|1,50|1,00|1,50|0,00||0,00|0,00|0,00||
|H030|0|11053630000140|0|84821010|5158|PC|16,33|13,00|212,32|0,00||0,00|0,00|0,00||
|H030|0|11053630000140|0|27101992|5161|BD|113,94|2,00|227,88|0,00||0,00|0,00|0,00||
|H030|0|11053630000140|0|84822010|5166|PC|43,49|5,00|217,45|0,00||0,00|0,00|0,00||
|H030|0|11053630000140|0|84833090|5167|UN|26,50|1,00|26,50|0,00||0,00|0,00|0,00||
|H030|0|11053630000140|0|84842000|5172|PC|4,84|5,00|24,20|0,00||0,00|0,00|0,00||
|H030|0|11053630000140|0|40169300|5173|PC|4,65|4,00|18,60|0,00||0,00|0,00|0,00||
|H030|0|11053630000140|0|40169300|5175|PC|6,17|3,00|18,51|0,00||0,00|0,00|0,00||
|H030|0|11053630000140|0|73181600|5177|PC|0,05|20,00|1,00|0,00||0,00|0,00|0,00||
|H030|0|11053630000140|0|40169300|5178|PC|1,94|5,00|9,70|0,00||0,00|0,00|0,00||
|H030|0|11053630000140|0|84836090|5187|PC|21,84|2,00|43,68|0,00||0,00|0,00|0,00||
|H030|0|11053630000140|0|84836090|5188|PC|29,93|2,00|59,86|0,00||0,00|0,00|0,00||
|H030|0|11053630000140|0|84839000|5189|PC|31,15|1,00|31,15|0,00||0,00|0,00|0,00||
|H030|0|11053630000140|0|84839000|5190|PC|29,35|1,00|29,35|0,00||0,00|0,00|0,00||
|H030|0|11053630000140|0|84839000|5191|PC|68,88|1,00|68,88|0,00||0,00|0,00|0,00||
|H030|0|11053630000140|0|84822090|5195|PC|100,00|1,00|100,00|0,00||0,00|0,00|0,00||
|H030|0|11053630000140|0|40169300|5196|PC|4,72|3,00|14,16|0,00||0,00|0,00|0,00||
|H030|0|11053630000140|0|87089990|5197|PC|7,32|3,00|21,96|0,00||0,00|0,00|0,00||
|H030|0|11053630000140|0|87089990|5198|PC|8,45|3,00|25,35|0,00||0,00|0,00|0,00||
|H030|0|11053630000140|0|73181500|5199|PC|0,40|10,00|4,00|0,00||0,00|0,00|0,00||
|H030|0|11053630000140|0|73182200|5200|PC|0,06|10,00|0,60|0,00||0,00|0,00|0,00||
|H030|0|11053630000140|0|40169300|5203|PC|3,65|1,00|3,65|0,00||0,00|0,00|0,00||
|H030|0|11053630000140|0|87089990|5207|PC|22,98|8,00|183,84|0,00||0,00|0,00|0,00||
|H030|0|11053630000140|0|40169300|5212|PC|121,78|1,00|121,78|0,00||0,00|0,00|0,00||
|H030|0|11053630000140|0|87089990|5213|PC|19,00|1,00|19,00|0,00||0,00|0,00|0,00||
|H030|0|11053630000140|0|87089100|5217|PC|1522,55|1,00|1522,55|0,00||0,00|0,00|0,00||
|H030|0|11053630000140|0|40169300|5220|PC|14,25|1,00|14,25|0,00||0,00|0,00|0,00||
|H030|0|11053630000140|0|45049000|5224|PC|3,75|1,00|3,75|0,00||0,00|0,00|0,00||
|H030|0|11053630000140|0|40169300|5228|UN|12,32|1,00|12,32|0,00||0,00|0,00|0,00||
|H030|0|11053630000140|0|85119000|5234|PC|3,00|4,00|12,00|0,00||0,00|0,00|0,00||
|H030|0|11053630000140|0|73182200|5244|PC|0,90|8,00|7,20|0,00||0,00|0,00|0,00||
|H030|0|11053630000140|0|84249090|5246|PC|0,94|2,00|1,88|0,00||0,00|0,00|0,00||
|H030|0|11053630000140|0|40169300|5247|PC|0,93|9,00|8,37|0,00||0,00|0,00|0,00||
|H030|0|11053630000140|0|74152900|5248|PC|27,64|2,00|55,28|0,00||0,00|0,00|0,00||
|H030|0|11053630000140|0|74122000|5249|PC|31,41|2,00|62,82|0,00||0,00|0,00|0,00||
|H030|0|11053630000140|0|74112190|5250|PC|4,25|7,00|29,75|0,00||0,00|0,00|0,00||
|H030|0|11053630000140|0|87089300|5252|PC|66,26|1,00|66,26|0,00||0,00|0,00|0,00||
|H030|0|11053630000140|0|40169300|5257|PC|1,84|4,00|7,36|0,00||0,00|0,00|0,00||
|H030|0|11053630000140|0|40169300|5258|PC|10,90|3,00|32,70|0,00||0,00|0,00|0,00||
|H030|0|11053630000140|0|73182900|5259|PC|2,77|3,00|8,31|0,00||0,00|0,00|0,00||
|H030|0|11053630000140|0|73182900|5260|PC|4,32|6,00|25,92|0,00||0,00|0,00|0,00||
|H030|0|11053630000140|0|73182900|5261|PC|8,83|2,00|17,66|0,00||0,00|0,00|0,00||
|H030|0|11053630000140|0|74153900|5262|PC|45,02|1,00|45,02|0,00||0,00|0,00|0,00||
|H030|0|11053630000140|0|87085099|5263|PC|7,90|1,00|7,90|0,00||0,00|0,00|0,00||
|H030|0|11053630000140|0|87089990|5264|PC|12,62|2,00|25,24|0,00||0,00|0,00|0,00||
|H030|0|11053630000140|0|87089990|5266|PC|249,56|1,00|249,56|0,00||0,00|0,00|0,00||
|H030|0|11053630000140|0|87089990|5267|PC|241,39|3,00|724,17|0,00||0,00|0,00|0,00||
|H030|0|11053630000140|0|87089990|5268|PC|818,24|1,00|818,24|0,00||0,00|0,00|0,00||
|H030|0|11053630000140|0|87083090|5272|PC|66,29|1,00|66,29|0,00||0,00|0,00|0,00||
|H030|0|11053630000140|0|84136011|5273|PC|556,02|1,00|556,02|0,00||0,00|0,00|0,00||
|H030|0|11053630000140|0|38237090|5276|UN|60,00|1,00|60,00|0,00||0,00|0,00|0,00||
|H030|0|11053630000140|0|38237090|5277|UN|300,00|1,00|300,00|0,00||0,00|0,00|0,00||
|H030|0|11053630000140|0|84219999|5280|PC|9,02|6,00|54,12|0,00||0,00|0,00|0,00||
|H030|0|11053630000140|0|84329000|5282|PC|96,80|3,00|290,40|0,00||0,00|0,00|0,00||
|H030|0|11053630000140|0|87169090|5283|UN|32,94|2,00|65,88|0,00||0,00|0,00|0,00||
|H030|0|11053630000140|0|73182200|5284|PC|27,01|1,00|27,01|0,00||0,00|0,00|0,00||
|H030|0|11053630000140|0|87089990|5288|PC|261,64|1,00|261,64|0,00||0,00|0,00|0,00||
|H030|0|11053630000140|0|73182200|5289|PC|41,97|2,00|83,94|0,00||0,00|0,00|0,00||
|H030|0|11053630000140|0|84219999|5298|UN|449,81|1,00|449,81|0,00||0,00|0,00|0,00||
|H030|0|11053630000140|0|73181500|5301|PC|34,16|1,00|34,16|0,00||0,00|0,00|0,00||
|H030|0|11053630000140|0|87084090|5303|PC|863,83|1,00|863,83|0,00||0,00|0,00|0,00||
|H030|0|11053630000140|0|40169300|5308|UN|24,03|7,00|168,21|0,00||0,00|0,00|0,00||
|H030|0|11053630000140|0|40169300|5309|UN|43,75|4,00|175,00|0,00||0,00|0,00|0,00||
|H030|0|11053630000140|0|40169300|5310|UN|14,71|7,00|102,97|0,00||0,00|0,00|0,00||
|H030|0|11053630000140|0|76161000|5312|UN|0,97|200,00|194,00|0,00||0,00|0,00|0,00||
|H030|0|11053630000140|0|87084090|5316|PC|190,73|1,00|190,73|0,00||0,00|0,00|0,00||
|H030|0|11053630000140|0|87084090|5317|PC|198,00|1,00|198,00|0,00||0,00|0,00|0,00||
|H030|0|11053630000140|0|40169300|5321|PC|0,06|5,00|0,30|0,00||0,00|0,00|0,00||
|H030|0|11053630000140|0|84212300|5325|UN|22,93|3,00|68,79|0,00||0,00|0,00|0,00||
|H030|0|11053630000140|0|73269090|5332|PC|132,86|2,00|265,72|0,00||0,00|0,00|0,00||
|H030|0|11053630000140|0|40169300|5335|PC|15,09|4,00|60,36|0,00||0,00|0,00|0,00||
|H030|0|11053630000140|0|84824000|5337|PC|15,84|2,00|31,68|0,00||0,00|0,00|0,00||
|H030|0|11053630000140|0|87084090|5339|PC|104,26|1,00|104,26|0,00||0,00|0,00|0,00||
|H030|0|11053630000140|0|40169990|5341|PC|9,31|2,00|18,62|0,00||0,00|0,00|0,00||
|H030|0|11053630000140|0|84879000|5342|PC|0,70|2,00|1,40|0,00||0,00|0,00|0,00||
|H030|0|11053630000140|0|40169300|5346|PC|9,06|4,00|36,24|0,00||0,00|0,00|0,00||
|H030|0|11053630000140|0|73182900|5347|PC|0,55|5,00|2,75|0,00||0,00|0,00|0,00||
|H030|0|11053630000140|0|87083090|5352|PC|70,21|17,00|1193,57|0,00||0,00|0,00|0,00||
|H030|0|11053630000140|0|84133090|5353|PC|422,71|5,00|2113,55|0,00||0,00|0,00|0,00||
|H030|0|11053630000140|0|40169300|5354|PC|0,09|2,00|0,18|0,00||0,00|0,00|0,00||
|H030|0|11053630000140|0|40169300|5355|PC|0,50|2,00|1,00|0,00||0,00|0,00|0,00||
|H030|0|11053630000140|0|39269090|5356|PC|0,89|6,00|5,34|0,00||0,00|0,00|0,00||
|H030|0|11053630000140|0|84139190|5358|PC|64,00|1,00|64,00|0,00||0,00|0,00|0,00||
|H030|0|11053630000140|0|85365090|5359|PC|9,50|1,00|9,50|0,00||0,00|0,00|0,00||
|H030|0|11053630000140|0|84249090|5360|PC|18,24|1,00|18,24|0,00||0,00|0,00|0,00||
|H030|0|11053630000140|0|84249090|5361|PC|177,69|1,00|177,69|0,00||0,00|0,00|0,00||
|H030|0|11053630000140|0|40169300|5362|PC|4,33|6,00|25,98|0,00||0,00|0,00|0,00||
|H030|0|11053630000140|0|40169300|5364|PC|6,06|6,00|36,36|0,00||0,00|0,00|0,00||
|H030|0|11053630000140|0|39269090|5365|PC|4,87|2,00|9,74|0,00||0,00|0,00|0,00||
|H030|0|11053630000140|0|84813000|5366|PC|2,20|6,00|13,20|0,00||0,00|0,00|0,00||
|H030|0|11053630000140|0|84813000|5367|PC|2,20|6,00|13,20|0,00||0,00|0,00|0,00||
|H030|0|11053630000140|0|39269090|5368|PC|0,74|2,00|1,48|0,00||0,00|0,00|0,00||
|H030|0|11053630000140|0|87083090|5369|PC|47,33|1,00|47,33|0,00||0,00|0,00|0,00||
|H030|0|11053630000140|0|73182200|5370|PC|0,89|4,00|3,56|0,00||0,00|0,00|0,00||
|H030|0|11053630000140|0|84133090|5371|PC|45,92|1,00|45,92|0,00||0,00|0,00|0,00||
|H030|0|11053630000140|0|40169300|5381|PC|2,90|2,00|5,80|0,00||0,00|0,00|0,00||
|H030|0|11053630000140|0|84213100|5390|UN|18,88|2,00|37,76|0,00||0,00|0,00|0,00||
|H030|0|11053630000140|0|87089990|5399|PC|21,16|1,00|21,16|0,00||0,00|0,00|0,00||
|H030|0|11053630000140|0|87089990|5408|PC|119,61|1,00|119,61|0,00||0,00|0,00|0,00||
|H030|0|11053630000140|0|84329000|5417|PC|13,04|6,00|78,24|0,00||0,00|0,00|0,00||
|H030|0|11053630000140|0|87083090|5418|PC|81,11|2,00|162,22|0,00||0,00|0,00|0,00||
|H030|0|11053630000140|0|87089412|5419|PC|126,61|1,00|126,61|0,00||0,00|0,00|0,00||
|H030|0|11053630000140|0|84249090|5421|PC|7,40|2,00|14,80|0,00||0,00|0,00|0,00||
|H030|0|11053630000140|0|90251990|5429|PC|209,44|1,00|209,44|0,00||0,00|0,00|0,00||
|H030|0|11053630000140|0|84213100|5432|UN|23,70|6,00|142,20|0,00||0,00|0,00|0,00||
|H030|0|11053630000140|0|84213100|5433|UN|17,25|9,00|155,25|0,00||0,00|0,00|0,00||
|H030|0|11053630000140|0|84213100|5434|UN|-1,87|11,00|-20,57|0,00||0,00|0,00|0,00||
|H030|0|11053630000140|0|84213100|5435|UN|-2,46|7,00|-17,22|0,00||0,00|0,00|0,00||
|H030|0|11053630000140|0|84213100|5436|UN|-5,65|5,00|-28,25|0,00||0,00|0,00|0,00||
|H030|0|11053630000140|0|84213100|5437|UN|-7,86|2,00|-15,72|0,00||0,00|0,00|0,00||
|H030|0|11053630000140|0|87089300|5441|PC|672,27|2,00|1344,54|0,00||0,00|0,00|0,00||
|H030|0|11053630000140|0|87089300|5442|PC|349,25|1,00|349,25|0,00||0,00|0,00|0,00||
|H030|0|11053630000140|0|87089300|5443|PC|271,22|2,00|542,44|0,00||0,00|0,00|0,00||
|H030|0|11053630000140|0|40169300|5445|UN|0,51|10,00|5,10|0,00||0,00|0,00|0,00||
|H030|0|11053630000140|0|40169300|5446|UN|0,30|10,00|3,00|0,00||0,00|0,00|0,00||
|H030|0|11053630000140|0|40169300|5447|UN|0,22|2,00|0,44|0,00||0,00|0,00|0,00||
|H030|0|11053630000140|0|40169300|5448|UN|0,23|10,00|2,30|0,00||0,00|0,00|0,00||
|H030|0|11053630000140|0|40169300|5449|UN|0,20|10,00|2,00|0,00||0,00|0,00|0,00||
|H030|0|11053630000140|0|40169300|5450|UN|0,13|10,00|1,30|0,00||0,00|0,00|0,00||
|H030|0|11053630000140|0|40169300|5451|UN|0,31|10,00|3,10|0,00||0,00|0,00|0,00||
|H030|0|11053630000140|0|40169300|5452|UN|0,34|10,00|3,40|0,00||0,00|0,00|0,00||
|H030|0|11053630000140|0|40169300|5453|UN|1,04|10,00|10,40|0,00||0,00|0,00|0,00||
|H030|0|11053630000140|0|40169300|5454|UN|0,67|10,00|6,70|0,00||0,00|0,00|0,00||
|H030|0|11053630000140|0|40169300|5455|UN|0,31|5,00|1,55|0,00||0,00|0,00|0,00||
|H030|0|11053630000140|0|40169300|5456|UN|0,35|10,00|3,50|0,00||0,00|0,00|0,00||
|H030|0|11053630000140|0|40169300|5457|UN|0,21|5,00|1,05|0,00||0,00|0,00|0,00||
|H030|0|11053630000140|0|40169300|5458|UN|0,27|10,00|2,70|0,00||0,00|0,00|0,00||
|H030|0|11053630000140|0|40169300|5459|UN|0,43|10,00|4,30|0,00||0,00|0,00|0,00||
|H030|0|11053630000140|0|40169300|5460|UN|0,39|25,00|9,75|0,00||0,00|0,00|0,00||
|H030|0|11053630000140|0|87089990|5467|UN|28,42|2,00|56,84|0,00||0,00|0,00|0,00||
|H030|0|11053630000140|0|84249090|5468|UN|10,35|44,00|455,40|0,00||0,00|0,00|0,00||
|H030|0|11053630000140|0|84249090|5469|UN|7,16|20,00|143,20|0,00||0,00|0,00|0,00||
|H030|0|11053630000140|0|84249090|5470|UN|8,96|48,00|430,08|0,00||0,00|0,00|0,00||
|H030|0|11053630000140|0|84249090|5471|UN|8,96|30,00|268,80|0,00||0,00|0,00|0,00||
|H030|0|11053630000140|0|84212100|5472|UN|36,45|1,00|36,45|0,00||0,00|0,00|0,00||
|H030|0|11053630000140|0|84249090|5473|UN|8,96|58,00|519,68|0,00||0,00|0,00|0,00||
|H030|0|11053630000140|0|84249090|5474|UN|7,16|36,00|257,76|0,00||0,00|0,00|0,00||
|H030|0|11053630000140|0|84249090|5475|UN|8,96|62,00|555,52|0,00||0,00|0,00|0,00||
|H030|0|11053630000140|0|84822010|5476|PC|17,89|4,00|71,56|0,00||0,00|0,00|0,00||
|H030|0|11053630000140|0|84822010|5477|PC|32,08|4,00|128,32|0,00||0,00|0,00|0,00||
|H030|0|11053630000140|0|84821010|5478|PC|36,69|2,00|73,38|0,00||0,00|0,00|0,00||
|H030|0|11053630000140|0|84821010|5479|PC|46,46|3,00|139,38|0,00||0,00|0,00|0,00||
|H030|0|11053630000140|0|84821010|5480|PC|21,04|3,00|63,12|0,00||0,00|0,00|0,00||
|H030|0|11053630000140|0|84821010|5481|PC|34,39|3,00|103,17|0,00||0,00|0,00|0,00||
|H030|0|11053630000140|0|84821090|5482|PC|19,53|4,00|78,12|0,00||0,00|0,00|0,00||
|H030|0|11053630000140|0|84821010|5483|PC|13,44|2,00|26,88|0,00||0,00|0,00|0,00||
|H030|0|11053630000140|0|84821010|5484|PC|29,92|5,00|149,60|0,00||0,00|0,00|0,00||
|H030|0|11053630000140|0|84821010|5485|PC|19,60|1,00|19,60|0,00||0,00|0,00|0,00||
|H030|0|11053630000140|0|84825010|5486|PC|137,35|2,00|274,70|0,00||0,00|0,00|0,00||
|H030|0|11053630000140|0|84821010|5487|PC|11,47|1,00|11,47|0,00||0,00|0,00|0,00||
|H030|0|11053630000140|0|84821010|5488|PC|8,33|1,00|8,33|0,00||0,00|0,00|0,00||
|H030|0|11053630000140|0|84821010|5489|PC|15,91|2,00|31,82|0,00||0,00|0,00|0,00||
|H030|0|11053630000140|0|84821010|5490|PC|28,46|3,00|85,38|0,00||0,00|0,00|0,00||
|H030|0|11053630000140|0|84821010|5491|PC|13,64|9,00|122,76|0,00||0,00|0,00|0,00||
|H030|0|11053630000140|0|84821010|5493|PC|55,74|4,00|222,96|0,00||0,00|0,00|0,00||
|H030|0|11053630000140|0|84821010|5494|PC|34,84|4,00|139,36|0,00||0,00|0,00|0,00||
|H030|0|11053630000140|0|84821010|5495|PC|46,46|4,00|185,84|0,00||0,00|0,00|0,00||
|H030|0|11053630000140|0|84821010|5496|PC|84,12|4,00|336,48|0,00||0,00|0,00|0,00||
|H030|0|11053630000140|0|84821010|5498|PC|55,74|4,00|222,96|0,00||0,00|0,00|0,00||
|H030|0|11053630000140|0|84821010|5499|PC|41,69|2,00|83,38|0,00||0,00|0,00|0,00||
|H030|0|11053630000140|0|40169990|5502|UN|2,96|5,00|14,80|0,00||0,00|0,00|0,00||
|H030|0|11053630000140|0|84329000|5503|PC|10,12|6,00|60,72|0,00||0,00|0,00|0,00||
|H030|0|11053630000140|0|84839000|5504|PC|107,89|1,00|107,89|0,00||0,00|0,00|0,00||
|H030|0|11053630000140|0|84835010|5506|PC|203,52|1,00|203,52|0,00||0,00|0,00|0,00||
|H030|0|11053630000140|0|87089412|5507|PC|34,22|5,00|171,10|0,00||0,00|0,00|0,00||
|H030|0|11053630000140|0|87089412|5509|PC|45,45|2,00|90,90|0,00||0,00|0,00|0,00||
|H030|0|11053630000140|0|87089412|5510|PC|48,11|2,00|96,22|0,00||0,00|0,00|0,00||
|H030|0|11053630000140|0|87089990|5511|PC|17,55|1,00|17,55|0,00||0,00|0,00|0,00||
|H030|0|11053630000140|0|87089990|5519|PC|63,17|1,00|63,17|0,00||0,00|0,00|0,00||
|H030|0|11053630000140|0|87089300|5521|PC|275,62|1,00|275,62|0,00||0,00|0,00|0,00||
|H030|0|11053630000140|0|73181500|5522|PC|1,28|4,00|5,12|0,00||0,00|0,00|0,00||
|H030|0|11053630000140|0|40169300|5523|PC|1,23|7,00|8,61|0,00||0,00|0,00|0,00||
|H030|0|11053630000140|0|85122011|5524|PC|62,40|4,00|249,60|0,00||0,00|0,00|0,00||
|H030|0|11053630000140|0|85122011|5525|PC|62,40|4,00|249,60|0,00||0,00|0,00|0,00||
|H030|0|11053630000140|0|85122011|5527|PC|35,59|3,00|106,77|0,00||0,00|0,00|0,00||
|H030|0|11053630000140|0|85122011|5528|PC|35,59|3,00|106,77|0,00||0,00|0,00|0,00||
|H030|0|11053630000140|0|85122011|5529|PC|53,18|7,00|372,26|0,00||0,00|0,00|0,00||
|H030|0|11053630000140|0|85122011|5530|PC|24,56|5,00|122,80|0,00||0,00|0,00|0,00||
|H030|0|11053630000140|0|85122011|5531|PC|37,49|4,00|149,96|0,00||0,00|0,00|0,00||
|H030|0|11053630000140|0|85122011|5532|PC|37,49|4,00|149,96|0,00||0,00|0,00|0,00||
|H030|0|11053630000140|0|85122011|5533|PC|6,08|6,00|36,48|0,00||0,00|0,00|0,00||
|H030|0|11053630000140|0|85122011|5534|PC|30,82|2,00|61,64|0,00||0,00|0,00|0,00||
|H030|0|11053630000140|0|85122011|5535|PC|35,02|4,00|140,08|0,00||0,00|0,00|0,00||
|H030|0|11053630000140|0|85365090|5552|UN|35,31|1,00|35,31|0,00||0,00|0,00|0,00||
|H030|0|11053630000140|0|82084000|5553|UN|153,92|1,00|153,92|0,00||0,00|0,00|0,00||
|H030|0|11053630000140|0|87089990|5555|PC|68,99|1,00|68,99|0,00||0,00|0,00|0,00||
|H030|0|11053630000140|0|87089990|5556|PC|85,84|1,00|85,84|0,00||0,00|0,00|0,00||
|H030|0|11053630000140|0|87089990|5557|PC|74,17|1,00|74,17|0,00||0,00|0,00|0,00||
|H030|0|11053630000140|0|87089990|5558|PC|164,03|1,00|164,03|0,00||0,00|0,00|0,00||
|H030|0|11053630000140|0|40169300|5562|UN|0,06|100,00|6,00|0,00||0,00|0,00|0,00||
|H030|0|11053630000140|0|40169300|5563|UN|26,98|96,00|2590,08|0,00||0,00|0,00|0,00||
|H030|0|11053630000140|0|40169300|5564|UN|0,37|100,00|37,00|0,00||0,00|0,00|0,00||
|H030|0|11053630000140|0|40169300|5565|UN|0,71|94,00|66,74|0,00||0,00|0,00|0,00||
|H030|0|11053630000140|0|40169300|5566|UN|0,70|97,00|67,90|0,00||0,00|0,00|0,00||
|H030|0|11053630000140|0|40169300|5567|UN|2,31|98,00|226,38|0,00||0,00|0,00|0,00||
|H030|0|11053630000140|0|40169300|5568|UN|0,12|90,00|10,80|0,00||0,00|0,00|0,00||
|H030|0|11053630000140|0|40169300|5569|UN|4,14|97,00|401,58|0,00||0,00|0,00|0,00||
|H030|0|11053630000140|0|40169300|5570|UN|0,08|98,00|7,84|0,00||0,00|0,00|0,00||
|H030|0|11053630000140|0|40169300|5571|UN|0,20|86,00|17,20|0,00||0,00|0,00|0,00||
|H030|0|11053630000140|0|40169300|5572|UN|0,06|100,00|6,00|0,00||0,00|0,00|0,00||
|H030|0|11053630000140|0|40169300|5574|UN|0,45|79,00|35,55|0,00||0,00|0,00|0,00||
|H030|0|11053630000140|0|40169300|5575|UN|0,37|99,00|36,63|0,00||0,00|0,00|0,00||
|H030|0|11053630000140|0|40169300|5576|UN|0,12|99,00|11,88|0,00||0,00|0,00|0,00||
|H030|0|11053630000140|0|40169300|5577|UN|0,17|100,00|17,00|0,00||0,00|0,00|0,00||
|H030|0|11053630000140|0|84833090|5587|UN|60,40|3,00|181,20|0,00||0,00|0,00|0,00||
|H030|0|11053630000140|0|84213100|5591|UN|31,86|2,00|63,72|0,00||0,00|0,00|0,00||
|H030|0|11053630000140|0|40169300|5592|PC|8,53|4,00|34,12|0,00||0,00|0,00|0,00||
|H030|0|11053630000140|0|40169300|5593|PC|31,63|4,00|126,52|0,00||0,00|0,00|0,00||
|H030|0|11053630000140|0|40169300|5594|PC|6,87|6,00|41,22|0,00||0,00|0,00|0,00||
|H030|0|11053630000140|0|40169300|5595|PC|30,23|5,00|151,15|0,00||0,00|0,00|0,00||
|H030|0|11053630000140|0|40169300|5596|PC|35,20|6,00|211,20|0,00||0,00|0,00|0,00||
|H030|0|11053630000140|0|27101932|5601|UN|11,94|29,00|346,25|0,00||0,00|0,00|0,00||
|H030|0|11053630000140|0|87089990|5602|PC|166,44|2,00|332,88|0,00||0,00|0,00|0,00||
|H030|0|11053630000140|0|84249090|5606|PC|7,87|5,00|39,35|0,00||0,00|0,00|0,00||
|H030|0|11053630000140|0|84249090|5608|PC|5,96|8,00|47,68|0,00||0,00|0,00|0,00||
|H030|0|11053630000140|0|84249090|5610|PC|39,21|1,00|39,21|0,00||0,00|0,00|0,00||
|H030|0|11053630000140|0|84249090|5611|PC|5,57|8,00|44,56|0,00||0,00|0,00|0,00||
|H030|0|11053630000140|0|87089990|5615|PC|28,35|1,00|28,35|0,00||0,00|0,00|0,00||
|H030|0|11053630000140|0|87089990|5616|PC|62,71|3,00|188,13|0,00||0,00|0,00|0,00||
|H030|0|11053630000140|0|87089990|5617|PC|126,20|1,00|126,20|0,00||0,00|0,00|0,00||
|H030|0|11053630000140|0|90262090|5618|PC|79,39|2,00|158,78|0,00||0,00|0,00|0,00||
|H030|0|11053630000140|0|73182400|5626|PC|1,49|2,00|2,98|0,00||0,00|0,00|0,00||
|H030|0|11053630000140|0|84329000|5630|PC|82,41|7,00|576,85|0,00||0,00|0,00|0,00||
|H030|0|11053630000140|0|84329000|5631|PC|53,25|1,00|53,25|0,00||0,00|0,00|0,00||
|H030|0|11053630000140|0|84821090|5637|PC|58,98|4,00|235,92|0,00||0,00|0,00|0,00||
|H030|0|11053630000140|0|90258000|5640|PC|67,53|2,00|135,06|0,00||0,00|0,00|0,00||
|H030|0|11053630000140|0|90259090|5641|PC|46,15|4,00|184,60|0,00||0,00|0,00|0,00||
|H030|0|11053630000140|0|90258000|5642|PC|72,51|2,00|145,02|0,00||0,00|0,00|0,00||
|H030|0|11053630000140|0|90292010|5643|PC|373,61|4,00|1494,44|0,00||0,00|0,00|0,00||
|H030|0|11053630000140|0|90303390|5644|PC|71,13|2,00|142,26|0,00||0,00|0,00|0,00||
|H030|0|11053630000140|0|90299010|5645|PC|11,54|4,00|46,16|0,00||0,00|0,00|0,00||
|H030|0|11053630000140|0|84842000|5648|PC|27,17|1,00|27,17|0,00||0,00|0,00|0,00||
|H030|0|11053630000140|0|84099999|5649|PC|43,80|1,00|43,80|0,00||0,00|0,00|0,00||
|H030|0|11053630000140|0|87089990|5656|PC|14,75|3,00|44,25|0,00||0,00|0,00|0,00||
|H030|0|11053630000140|0|40169300|5657|PC|0,90|8,00|7,20|0,00||0,00|0,00|0,00||
|H030|0|11053630000140|0|87089300|5660|PC|49,71|4,00|198,84|0,00||0,00|0,00|0,00||
|H030|0|11053630000140|0|73182900|5661|PC|1,25|1,00|1,25|0,00||0,00|0,00|0,00||
|H030|0|11053630000140|0|87089990|5662|PC|65,10|2,00|130,20|0,00||0,00|0,00|0,00||
|H030|0|11053630000140|0|85071090|5664|UN|228,00|1,00|228,00|0,00||0,00|0,00|0,00||
|H030|0|11053630000140|0|39269090|5671|PC|1,60|1,00|1,60|0,00||0,00|0,00|0,00||
|H030|0|11053630000140|0|40169300|5672|PC|1,63|6,00|9,78|0,00||0,00|0,00|0,00||
|H030|0|11053630000140|0|73182900|5673|PC|0,76|2,00|1,52|0,00||0,00|0,00|0,00||
|H030|0|11053630000140|0|87089990|5677|PC|119,43|1,00|119,43|0,00||0,00|0,00|0,00||
|H030|0|11053630000140|0|85122011|5678|UN|28,83|1,00|28,83|0,00||0,00|0,00|0,00||
|H030|0|11053630000140|0|87089990|5681|UN|69,28|4,00|277,12|0,00||0,00|0,00|0,00||
|H030|0|11053630000140|0|87084090|5683|PC|40,81|2,00|81,62|0,00||0,00|0,00|0,00||
|H030|0|11053630000140|0|87084090|5684|PC|176,25|2,00|352,50|0,00||0,00|0,00|0,00||
|H030|0|11053630000140|0|73182400|5685|PC|2,56|15,00|38,40|0,00||0,00|0,00|0,00||
|H030|0|11053630000140|0|73182900|5686|PC|6,35|1,00|6,35|0,00||0,00|0,00|0,00||
|H030|0|11053630000140|0|87089990|5687|PC|169,36|1,00|169,36|0,00||0,00|0,00|0,00||
|H030|0|11053630000140|0|73182400|5688|PC|1,45|10,00|14,50|0,00||0,00|0,00|0,00||
|H030|0|11053630000140|0|73181500|5689|PC|1,22|4,00|4,88|0,00||0,00|0,00|0,00||
|H030|0|11053630000140|0|73182400|5690|PC|1,01|5,00|5,05|0,00||0,00|0,00|0,00||
|H030|0|11053630000140|0|84249090|5691|UN|8,96|24,00|215,04|0,00||0,00|0,00|0,00||
|H030|0|11053630000140|0|84249090|5693|UN|2,11|14,00|29,54|0,00||0,00|0,00|0,00||
|H030|0|11053630000140|0|84219999|5694|UN|16,56|7,00|115,92|0,00||0,00|0,00|0,00||
|H030|0|11053630000140|0|40169300|5705|PC|11,55|1,00|11,55|0,00||0,00|0,00|0,00||
|H030|0|11053630000140|0|87089990|5706|PC|43,22|1,00|43,22|0,00||0,00|0,00|0,00||
|H030|0|11053630000140|0|73182200|5708|PC|0,97|4,00|3,88|0,00||0,00|0,00|0,00||
|H030|0|11053630000140|0|85365090|5712|PC|37,53|4,00|150,12|0,00||0,00|0,00|0,00||
|H030|0|11053630000140|0|85365090|5713|PC|77,56|1,00|77,56|0,00||0,00|0,00|0,00||
|H030|0|11053630000140|0|85119000|5714|PC|360,74|2,00|721,48|0,00||0,00|0,00|0,00||
|H030|0|11053630000140|0|85119000|5716|PC|160,43|2,00|320,86|0,00||0,00|0,00|0,00||
|H030|0|11053630000140|0|85119000|5717|PC|324,06|1,00|324,06|0,00||0,00|0,00|0,00||
|H030|0|11053630000140|0|85115010|5720|PC|622,60|2,00|1245,20|0,00||0,00|0,00|0,00||
|H030|0|11053630000140|0|87089990|5730|PC|809,27|1,00|809,27|0,00||0,00|0,00|0,00||
|H030|0|11053630000140|0|73202090|5731|PC|88,94|2,00|177,88|0,00||0,00|0,00|0,00||
|H030|0|11053630000140|0|73182900|5732|PC|40,70|1,00|40,70|0,00||0,00|0,00|0,00||
|H030|0|11053630000140|0|39269090|5735|PC|3,62|3,00|10,86|0,00||0,00|0,00|0,00||
|H030|0|11053630000140|0|39269090|5736|PC|2,91|2,00|5,82|0,00||0,00|0,00|0,00||
|H030|0|11053630000140|0|87089300|5737|PC|112,48|1,00|112,48|0,00||0,00|0,00|0,00||
|H030|0|11053630000140|0|73182200|5738|PC|132,44|1,00|132,44|0,00||0,00|0,00|0,00||
|H030|0|11053630000140|0|87089990|5740|PC|59,21|1,00|59,21|0,00||0,00|0,00|0,00||
|H030|0|11053630000140|0|84829120|5742|PC|0,68|109,00|74,12|0,00||0,00|0,00|0,00||
|H030|0|11053630000140|0|84821010|5743|PC|160,39|1,00|160,39|0,00||0,00|0,00|0,00||
|H030|0|11053630000140|0|84329000|5747|PC|18,40|13,00|239,20|0,00||0,00|0,00|0,00||
|H030|0|11053630000140|0|84329000|5748|PC|3,74|3,00|11,22|0,00||0,00|0,00|0,00||
|H030|0|11053630000140|0|84329000|5750|PC|20,43|1,00|20,43|0,00||0,00|0,00|0,00||
|H030|0|11053630000140|0|84329000|5751|PC|12,53|19,00|238,09|0,00||0,00|0,00|0,00||
|H030|0|11053630000140|0|40103900|5761|UN|12,71|2,00|25,42|0,00||0,00|0,00|0,00||
|H030|0|11053630000140|0|84212990|5764|UN|142,93|1,00|142,93|0,00||0,00|0,00|0,00||
|H030|0|11053630000140|0|84833090|5769|PC|100,00|1,00|100,00|0,00||0,00|0,00|0,00||
|H030|0|11053630000140|0|84821090|5774|PC|105,67|2,00|211,34|0,00||0,00|0,00|0,00||
|H030|0|11053630000140|0|40169300|5775|PC|0,08|10,00|0,80|0,00||0,00|0,00|0,00||
|H030|0|11053630000140|0|40169300|5776|PC|0,49|7,00|3,43|0,00||0,00|0,00|0,00||
|H030|0|11053630000140|0|40169300|5777|PC|0,21|27,00|5,67|0,00||0,00|0,00|0,00||
|H030|0|11053630000140|0|73182100|5778|PC|4,85|5,00|24,25|0,00||0,00|0,00|0,00||
|H030|0|11053630000140|0|73182100|5779|PC|0,67|8,00|5,36|0,00||0,00|0,00|0,00||
|H030|0|11053630000140|0|73182400|5780|PC|0,50|4,00|2,00|0,00||0,00|0,00|0,00||
|H030|0|11053630000140|0|73202010|5781|PC|3,94|4,00|15,76|0,00||0,00|0,00|0,00||
|H030|0|11053630000140|0|73202010|5782|PC|1,19|2,00|2,38|0,00||0,00|0,00|0,00||
|H030|0|11053630000140|0|84129090|5783|PC|282,53|1,00|282,53|0,00||0,00|0,00|0,00||
|H030|0|11053630000140|0|73259910|5785|PC|0,50|4,00|2,00|0,00||0,00|0,00|0,00||
|H030|0|11053630000140|0|87089300|5786|PC|2320,78|1,00|2320,78|0,00||0,00|0,00|0,00||
|H030|0|11053630000140|0|87089990|5787|PC|118,98|1,00|118,98|0,00||0,00|0,00|0,00||
|H030|0|11053630000140|0|87089990|5788|PC|115,68|1,00|115,68|0,00||0,00|0,00|0,00||
|H030|0|11053630000140|0|90292010|5789|PC|81,96|3,00|245,88|0,00||0,00|0,00|0,00||
|H030|0|11053630000140|0|84879000|5790|PC|5,73|4,00|22,92|0,00||0,00|0,00|0,00||
|H030|0|11053630000140|0|40169300|5791|PC|0,18|1,00|0,18|0,00||0,00|0,00|0,00||
|H030|0|11053630000140|0|84836090|5794|PC|33,88|1,00|33,88|0,00||0,00|0,00|0,00||
|H030|0|11053630000140|0|84249090|5799|PC|3,22|1,00|3,22|0,00||0,00|0,00|0,00||
|H030|0|11053630000140|0|84219999|5800|PC|32,47|2,00|64,94|0,00||0,00|0,00|0,00||
|H030|0|11053630000140|0|40169300|5801|PC|0,11|2,00|0,22|0,00||0,00|0,00|0,00||
|H030|0|11053630000140|0|84824000|5802|PC|12,04|1,00|12,04|0,00||0,00|0,00|0,00||
|H030|0|11053630000140|0|73182200|5803|PC|6,11|11,00|67,21|0,00||0,00|0,00|0,00||
|H030|0|11053630000140|0|87089990|5807|PC|21,64|1,00|21,64|0,00||0,00|0,00|0,00||
|H030|0|11053630000140|0|40169300|5808|PC|0,67|10,00|6,70|0,00||0,00|0,00|0,00||
|H030|0|11053630000140|0|40169300|5809|PC|1,21|11,00|13,31|0,00||0,00|0,00|0,00||
|H030|0|11053630000140|0|73269090|5811|PC|27,92|2,00|55,84|0,00||0,00|0,00|0,00||
|H030|0|11053630000140|0|73269090|5812|PC|0,97|6,00|5,82|0,00||0,00|0,00|0,00||
|H030|0|11053630000140|0|87089990|5813|UN|142,38|1,00|142,38|0,00||0,00|0,00|0,00||
|H030|0|11053630000140|0|84133090|5816|PC|124,60|2,00|249,20|0,00||0,00|0,00|0,00||
|H030|0|11053630000140|0|90262010|5821|UN|89,89|4,00|359,56|0,00||0,00|0,00|0,00||
|H030|0|11053630000140|0|39174090|5848|UN|2,00|3,00|6,00|0,00||0,00|0,00|0,00||
|H030|0|11053630000140|0|27101932|5849|UN|48,28|3,00|144,84|0,00||0,00|0,00|0,00||
|H030|0|11053630000140|0|40169300|5851|PC|1,17|3,00|3,51|0,00||0,00|0,00|0,00||
|H030|0|11053630000140|0|40169300|5852|UN|72,18|2,00|144,36|0,00||0,00|0,00|0,00||
|H030|0|11053630000140|0|87089990|5854|PC|34,66|1,00|34,66|0,00||0,00|0,00|0,00||
|H030|0|11053630000140|0|40169300|5865|PC|1,52|4,00|6,08|0,00||0,00|0,00|0,00||
|H030|0|11053630000140|0|40169300|5867|PC|1,91|2,00|3,82|0,00||0,00|0,00|0,00||
|H030|0|11053630000140|0|84249090|5868|UN|27,90|1,00|27,90|0,00||0,00|0,00|0,00||
|H030|0|11053630000140|0|40169300|5869|UN|0,17|4,00|0,68|0,00||0,00|0,00|0,00||
|H030|0|11053630000140|0|90262010|5870|UN|1,79|2,00|3,58|0,00||0,00|0,00|0,00||
|H030|0|11053630000140|0|84825010|5871|PC|306,41|2,00|612,82|0,00||0,00|0,00|0,00||
|H030|0|11053630000140|0|40169300|5872|PC|26,82|2,00|53,64|0,00||0,00|0,00|0,00||
|H030|0|11053630000140|0|27101932|5875|BD|168,58|3,00|505,74|0,00||0,00|0,00|0,00||
|H030|0|11053630000140|0|84219999|5878|PC|68,58|1,00|68,58|0,00||0,00|0,00|0,00||
|H030|0|11053630000140|0|87089990|5879|PC|118,56|1,00|118,56|0,00||0,00|0,00|0,00||
|H030|0|11053630000140|0|40169300|5881|PC|277,80|1,00|277,80|0,00||0,00|0,00|0,00||
|H030|0|11053630000140|0|84219999|5884|PC|25,33|2,00|50,66|0,00||0,00|0,00|0,00||
|H030|0|11053630000140|0|90262090|5889|PC|84,48|2,00|168,96|0,00||0,00|0,00|0,00||
|H030|0|11053630000140|0|90292010|5890|PC|136,53|1,00|136,53|0,00||0,00|0,00|0,00||
|H030|0|11053630000140|0|73269090|5895|PC|17,22|10,00|172,20|0,00||0,00|0,00|0,00||
|H030|0|11053630000140|0|73269090|5896|PC|8,12|20,00|162,40|0,00||0,00|0,00|0,00||
|H030|0|11053630000140|0|74122000|5898|PC|20,03|5,00|100,15|0,00||0,00|0,00|0,00||
|H030|0|11053630000140|0|40103100|5899|PC|9,76|7,00|68,32|0,00||0,00|0,00|0,00||
|H030|0|11053630000140|0|73181500|5900|PC|31,04|1,00|31,04|0,00||0,00|0,00|0,00||
|H030|0|11053630000140|0|84249090|5901|PC|50,33|1,00|50,33|0,00||0,00|0,00|0,00||
|H030|0|11053630000140|0|40169300|5923|PC|202,68|1,00|202,68|0,00||0,00|0,00|0,00||
|H030|0|11053630000140|0|84099999|5926|UN|374,79|3,00|1124,37|0,00||0,00|0,00|0,00||
|H030|0|11053630000140|0|84799090|5929|UN|2,82|1,00|2,82|0,00||0,00|0,00|0,00||
|H030|0|11053630000140|0|87089990|5943|PC|4,16|10,00|41,60|0,00||0,00|0,00|0,00||
|H030|0|11053630000140|0|87087090|5944|PC|303,85|1,00|303,85|0,00||0,00|0,00|0,00||
|H030|0|11053630000140|0|84821010|5945|PC|41,69|5,00|208,45|0,00||0,00|0,00|0,00||
|H030|0|11053630000140|0|85366100|5949|PC|5,00|2,00|10,00|0,00||0,00|0,00|0,00||
|H030|0|11053630000140|0|40169300|5961|PC|7,04|6,00|42,24|0,00||0,00|0,00|0,00||
|H030|0|11053630000140|0|84821010|5962|PC|82,31|5,00|411,55|0,00||0,00|0,00|0,00||
|H030|0|11053630000140|0|84821010|5966|PC|18,53|2,00|37,06|0,00||0,00|0,00|0,00||
|H030|0|11053630000140|0|84824000|5967|PC|3,57|1,00|3,57|0,00||0,00|0,00|0,00||
|H030|0|11053630000140|0|87089990|5970|PC|429,43|1,00|429,43|0,00||0,00|0,00|0,00||
|H030|0|11053630000140|0|84139190|5973|PC|547,28|1,00|547,28|0,00||0,00|0,00|0,00||
|H030|0|11053630000140|0|87089990|5974|PC|84,33|1,00|84,33|0,00||0,00|0,00|0,00||
|H030|0|11053630000140|0|84818099|5975|PC|611,47|1,00|611,47|0,00||0,00|0,00|0,00||
|H030|0|11053630000140|0|84329000|5978|PC|11,56|2,00|23,12|0,00||0,00|0,00|0,00||
|H030|0|11053630000140|0|73209000|5981|PC|0,94|20,00|18,80|0,00||0,00|0,00|0,00||
|H030|0|11053630000140|0|84329000|5982|PC|8,15|11,00|89,65|0,00||0,00|0,00|0,00||
|H030|0|11053630000140|0|40169300|5984|PC|2,17|4,00|8,68|0,00||0,00|0,00|0,00||
|H030|0|11053630000140|0|73181500|5985|PC|1,03|1,00|1,03|0,00||0,00|0,00|0,00||
|H030|0|11053630000140|0|73182900|5987|PC|0,78|3,00|2,34|0,00||0,00|0,00|0,00||
|H030|0|11053630000140|0|84329000|5991|PC|58,56|2,00|117,12|0,00||0,00|0,00|0,00||
|H030|0|11053630000140|0|84212990|5998|PC|176,00|5,00|880,00|0,00||0,00|0,00|0,00||
|H030|0|11053630000140|0|73269090|5999|PC|3,35|10,00|33,50|0,00||0,00|0,00|0,00||
|H030|0|11053630000140|0|73182200|6003|PC|10,02|8,00|80,16|0,00||0,00|0,00|0,00||
|H030|0|11053630000140|0|40169300|6004|PC|25,08|2,00|50,16|0,00||0,00|0,00|0,00||
|H030|0|11053630000140|0|84249090|6005|PC|39,16|3,00|117,48|0,00||0,00|0,00|0,00||
|H030|0|11053630000140|0|84835010|6006|PC|471,87|1,00|471,87|0,00||0,00|0,00|0,00||
|H030|0|11053630000140|0|84329000|6007|PC|148,02|2,00|296,04|0,00||0,00|0,00|0,00||
|H030|0|11053630000140|0|40169300|6018|PC|11,10|3,00|33,30|0,00||0,00|0,00|0,00||
|H030|0|11053630000140|0|87084090|6021|PC|391,87|1,00|391,87|0,00||0,00|0,00|0,00||
|H030|0|11053630000140|0|84821010|6027|UN|21,60|3,00|64,80|0,00||0,00|0,00|0,00||
|H030|0|11053630000140|0|84099990|6031|UN|109,20|1,00|109,20|0,00||0,00|0,00|0,00||
|H030|0|11053630000140|0|84819090|6034|UN|16,85|2,00|33,70|0,00||0,00|0,00|0,00||
|H030|0|11053630000140|0|73202090|6035|UN|0,59|10,00|5,90|0,00||0,00|0,00|0,00||
|H030|0|11053630000140|0|73182900|6037|UN|0,83|1,00|0,83|0,00||0,00|0,00|0,00||
|H030|0|11053630000140|0|73071920|6040|PC|21,67|2,00|43,34|0,00||0,00|0,00|0,00||
|H030|0|11053630000140|0|73269090|6041|PC|26,25|1,00|26,25|0,00||0,00|0,00|0,00||
|H030|0|11053630000140|0|39269090|6042|PC|3,07|1,00|3,07|0,00||0,00|0,00|0,00||
|H030|0|11053630000140|0|85122011|6045|PC|100,87|10,00|1008,70|0,00||0,00|0,00|0,00||
|H030|0|11053630000140|0|40169300|6046|PC|2,70|9,00|24,30|0,00||0,00|0,00|0,00||
|H030|0|11053630000140|0|85365090|6048|PC|6,77|1,00|6,77|0,00||0,00|0,00|0,00||
|H030|0|11053630000140|0|85365090|6049|PC|15,82|1,00|15,82|0,00||0,00|0,00|0,00||
|H030|0|11053630000140|0|84821010|6050|UN|105,45|4,00|421,80|0,00||0,00|0,00|0,00||
|H030|0|11053630000140|0|84249090|6052|UN|2,14|14,00|29,96|0,00||0,00|0,00|0,00||
|H030|0|11053630000140|0|84249090|6053|PC|0,99|26,00|25,74|0,00||0,00|0,00|0,00||
|H030|0|11053630000140|0|84249090|6054|UN|3,97|86,00|341,42|0,00||0,00|0,00|0,00||
|H030|0|11053630000140|0|84249090|6055|UN|4,81|30,00|144,30|0,00||0,00|0,00|0,00||
|H030|0|11053630000140|0|84139190|6056|UN|76,62|3,00|229,86|0,00||0,00|0,00|0,00||
|H030|0|11053630000140|0|84249090|6057|UN|3,97|20,00|79,40|0,00||0,00|0,00|0,00||
|H030|0|11053630000140|0|84249090|6059|PC|2,49|5,00|12,45|0,00||0,00|0,00|0,00||
|H030|0|11053630000140|0|39269090|6060|PC|7,85|5,00|39,25|0,00||0,00|0,00|0,00||
|H030|0|11053630000140|0|87089990|6062|PC|118,74|2,00|237,48|0,00||0,00|0,00|0,00||
|H030|0|11053630000140|0|84212300|6065|PC|40,87|10,00|408,70|0,00||0,00|0,00|0,00||
|H030|0|11053630000140|0|85122011|6066|PC|102,64|2,00|205,28|0,00||0,00|0,00|0,00||
|H030|0|11053630000140|0|85122011|6068|PC|102,64|2,00|205,28|0,00||0,00|0,00|0,00||
|H030|0|11053630000140|0|87089990|6069|PC|15,66|2,00|31,32|0,00||0,00|0,00|0,00||
|H030|0|11053630000140|0|87089990|6070|PC|28,61|1,00|28,61|0,00||0,00|0,00|0,00||
|H030|0|11053630000140|0|73269090|6071|PC|1,63|4,00|6,52|0,00||0,00|0,00|0,00||
|H030|0|11053630000140|0|40169300|6072|PC|0,34|5,00|1,70|0,00||0,00|0,00|0,00||
|H030|0|11053630000140|0|87089990|6078|UN|22,85|2,00|45,70|0,00||0,00|0,00|0,00||
|H030|0|11053630000140|0|87089990|6079|UN|19,00|1,00|19,00|0,00||0,00|0,00|0,00||
|H030|0|11053630000140|0|84219999|6081|PC|127,79|2,00|255,58|0,00||0,00|0,00|0,00||
|H030|0|11053630000140|0|84329000|6082|PC|114,96|1,00|114,96|0,00||0,00|0,00|0,00||
|H030|0|11053630000140|0|84133090|6087|PC|99,02|2,00|198,04|0,00||0,00|0,00|0,00||
|H030|0|11053630000140|0|84249090|6088|PC|98,00|1,00|98,00|0,00||0,00|0,00|0,00||
|H030|0|11053630000140|0|40169300|6098|PC|7,39|3,00|22,17|0,00||0,00|0,00|0,00||
|H030|0|11053630000140|0|87089990|6102|UN|67,76|1,00|67,76|0,00||0,00|0,00|0,00||
|H030|0|11053630000140|0|87089990|6112|PC|472,17|1,00|472,17|0,00||0,00|0,00|0,00||
|H030|0|11053630000140|0|87089990|6113|PC|605,21|1,00|605,21|0,00||0,00|0,00|0,00||
|H030|0|11053630000140|0|84249090|6115|UN|2,14|50,00|107,00|0,00||0,00|0,00|0,00||
|H030|0|11053630000140|0|87089990|6116|PC|20,30|2,00|40,60|0,00||0,00|0,00|0,00||
|H030|0|11053630000140|0|27101932|6117|UN|44,66|12,00|535,92|0,00||0,00|0,00|0,00||
|H030|0|11053630000140|0|84249090|6118|UN|2,14|6,00|12,84|0,00||0,00|0,00|0,00||
|H030|0|11053630000140|0|84249090|6119|UN|2,14|4,00|8,56|0,00||0,00|0,00|0,00||
|H030|0|11053630000140|0|87089990|6122|PC|84,87|2,00|169,74|0,00||0,00|0,00|0,00||
|H030|0|11053630000140|0|39174090|6124|PC|12,32|1,00|12,32|0,00||0,00|0,00|0,00||
|H030|0|11053630000140|0|73181500|6133|PC|5,91|1,00|5,91|0,00||0,00|0,00|0,00||
|H030|0|11053630000140|0|87089412|6134|PC|107,16|2,00|214,32|0,00||0,00|0,00|0,00||
|H030|0|11053630000140|0|84821010|6135|PC|48,74|1,00|48,74|0,00||0,00|0,00|0,00||
|H030|0|11053630000140|0|87089990|6136|PC|78,51|1,00|78,51|0,00||0,00|0,00|0,00||
|H030|0|11053630000140|0|40103200|6140|UN|15,00|1,00|15,00|0,00||0,00|0,00|0,00||
|H030|0|11053630000140|0|84839000|6141|UN|35,57|2,00|71,14|0,00||0,00|0,00|0,00||
|H030|0|11053630000140|0|84329000|6143|CJ|761,71|1,00|761,71|0,00||0,00|0,00|0,00||
|H030|0|11053630000140|0|84329000|6144|PC|57,00|6,00|342,00|0,00||0,00|0,00|0,00||
|H030|0|11053630000140|0|73072200|6148|PC|53,62|2,00|107,24|0,00||0,00|0,00|0,00||
|H030|0|11053630000140|0|84314929|6150|PC|69,79|2,00|139,58|0,00||0,00|0,00|0,00||
|H030|0|11053630000140|0|87162000|6151|UN|4960,00|8,00|39680,00|0,00||0,00|0,00|0,00||
|H030|0|11053630000140|0|27101932|6159|UN|11,65|34,00|396,10|0,00||0,00|0,00|0,00||
|H030|0|11053630000140|0|84219999|6160|UN|137,05|2,00|274,10|0,00||0,00|0,00|0,00||
|H030|0|11053630000140|0|84219999|6161|UN|69,87|2,00|139,74|0,00||0,00|0,00|0,00||
|H030|0|11053630000140|0|40101100|6168|PC|22,00|3,00|66,00|0,00||0,00|0,00|0,00||
|H030|0|11053630000140|0|84812090|6169|PC|157,39|1,00|157,39|0,00||0,00|0,00|0,00||
|H030|0|11053630000140|0|90258000|6171|PC|126,57|1,00|126,57|0,00||0,00|0,00|0,00||
|H030|0|11053630000140|0|87089990|6172|PC|58,84|1,00|58,84|0,00||0,00|0,00|0,00||
|H030|0|11053630000140|0|87089990|6173|PC|61,04|1,00|61,04|0,00||0,00|0,00|0,00||
|H030|0|11053630000140|0|84219999|6175|PC|9,90|15,00|148,50|0,00||0,00|0,00|0,00||
|H030|0|11053630000140|0|84133090|6176|PC|91,35|1,00|91,35|0,00||0,00|0,00|0,00||
|H030|0|11053630000140|0|40103200|6178|UN|110,00|1,00|110,00|0,00||0,00|0,00|0,00||
|H030|0|11053630000140|0|40169300|6183|PC|12,75|1,00|12,75|0,00||0,00|0,00|0,00||
|H030|0|11053630000140|0|84839000|6187|PC|20,30|2,00|40,60|0,00||0,00|0,00|0,00||
|H030|0|11053630000140|0|73069090|6188|PC|45,03|2,00|90,06|0,00||0,00|0,00|0,00||
|H030|0|11053630000140|0|68138910|6189|PC|18,79|10,00|187,90|0,00||0,00|0,00|0,00||
|H030|0|11053630000140|0|39173900|6192|MT|4,86|8,00|38,88|0,00||0,00|0,00|0,00||
|H030|0|11053630000140|0|39173900|6197|MT|5,46|27,00|147,42|0,00||0,00|0,00|0,00||
|H030|0|11053630000140|0|87089990|6199|PC|213,40|1,00|213,40|0,00||0,00|0,00|0,00||
|H030|0|11053630000140|0|84249090|6208|UN|2,71|97,00|262,87|0,00||0,00|0,00|0,00||
|H030|0|11053630000140|0|84249090|6209|UN|2,72|168,00|456,96|0,00||0,00|0,00|0,00||
|H030|0|11053630000140|0|87089990|6212|PC|83,88|1,00|83,88|0,00||0,00|0,00|0,00||
|H030|0|11053630000140|0|84212990|6213|PC|52,06|2,00|104,12|0,00||0,00|0,00|0,00||
|H030|0|11053630000140|0|84212990|6214|PC|39,40|2,00|78,80|0,00||0,00|0,00|0,00||
|H030|0|11053630000140|0|84213990|6220|UN|120,00|2,00|240,00|0,00||0,00|0,00|0,00||
|H030|0|11053630000140|0|87089990|6222|PC|7,41|2,00|14,82|0,00||0,00|0,00|0,00||
|H030|0|11053630000140|0|73182900|6228|PC|24,06|2,00|48,12|0,00||0,00|0,00|0,00||
|H030|0|11053630000140|0|84249090|6232|UN|10,35|40,00|414,00|0,00||0,00|0,00|0,00||
|H030|0|11053630000140|0|84839000|6233|UN|12,15|2,00|24,30|0,00||0,00|0,00|0,00||
|H030|0|11053630000140|0|87169090|6243|UN|7,08|27,00|191,16|0,00||0,00|0,00|0,00||
|H030|0|11053630000140|0|84219999|6247|PC|6,39|4,00|25,56|0,00||0,00|0,00|0,00||
|H030|0|11053630000140|0|85122011|6255|PC|31,57|1,00|31,57|0,00||0,00|0,00|0,00||
|H030|0|11053630000140|0|85364100|6256|PC|5,26|5,00|26,30|0,00||0,00|0,00|0,00||
|H030|0|11053630000140|0|84329000|6268|PC|3,51|48,00|168,48|0,00||0,00|0,00|0,00||
|H030|0|11053630000140|0|84329000|6269|PC|2,13|20,00|42,60|0,00||0,00|0,00|0,00||
|H030|0|11053630000140|0|84329000|6270|PC|25,79|1,00|25,79|0,00||0,00|0,00|0,00||
|H030|0|11053630000140|0|40169300|6275|PC|93,92|2,00|187,84|0,00||0,00|0,00|0,00||
|H030|0|11053630000140|0|73202090|6281|PC|0,78|2,00|1,56|0,00||0,00|0,00|0,00||
|H030|0|11053630000140|0|87089990|6282|PC|35,80|2,00|71,60|0,00||0,00|0,00|0,00||
|H030|0|11053630000140|0|87089990|6288|PC|17,40|2,00|34,80|0,00||0,00|0,00|0,00||
|H030|0|11053630000140|0|84099990|6289|UN|81,00|1,00|81,00|0,00||0,00|0,00|0,00||
|H030|0|11053630000140|0|84212300|6292|PC|14,10|2,00|28,20|0,00||0,00|0,00|0,00||
|H030|0|11053630000140|0|84212300|6293|PC|14,88|2,00|29,76|0,00||0,00|0,00|0,00||
|H030|0|11053630000140|0|40169990|6303|PC|9,29|3,00|27,87|0,00||0,00|0,00|0,00||
|H030|0|11053630000140|0|87089990|6308|UN|70,67|1,00|70,67|0,00||0,00|0,00|0,00||
|H030|0|11053630000140|0|73181500|6309|UN|2,01|1,00|2,01|0,00||0,00|0,00|0,00||
|H030|0|11053630000140|0|73259990|6310|UN|14,49|1,00|14,49|0,00||0,00|0,00|0,00||
|H030|0|11053630000140|0|84824000|6311|PC|24,75|1,00|24,75|0,00||0,00|0,00|0,00||
|H030|0|11053630000140|0|74122000|6312|UN|53,19|1,00|53,19|0,00||0,00|0,00|0,00||
|H030|0|11053630000140|0|90258000|6313|PC|69,43|1,00|69,43|0,00||0,00|0,00|0,00||
|H030|0|11053630000140|0|40169300|6318|PC|33,05|2,00|66,10|0,00||0,00|0,00|0,00||
|H030|0|11053630000140|0|84879000|6319|PC|1,15|18,00|20,70|0,00||0,00|0,00|0,00||
|H030|0|11053630000140|0|85122021|6320|PC|57,68|6,00|346,08|0,00||0,00|0,00|0,00||
|H030|0|11053630000140|0|84329000|6321|CJ|116,15|1,00|116,15|0,00||0,00|0,00|0,00||
|H030|0|11053630000140|0|87085099|6322|PC|20,31|2,00|40,62|0,00||0,00|0,00|0,00||
|H030|0|11053630000140|0|84839000|6344|PC|42,12|1,00|42,12|0,00||0,00|0,00|0,00||
|H030|0|11053630000140|0|90328982|6348|PC|37,49|1,00|37,49|0,00||0,00|0,00|0,00||
|H030|0|11053630000140|0|85365090|6349|PC|7,35|1,00|7,35|0,00||0,00|0,00|0,00||
|H030|0|11053630000140|0|84249090|6350|UN|12,49|36,00|449,58|0,00||0,00|0,00|0,00||
|H030|0|11053630000140|0|84249090|6351|UN|12,38|38,00|470,44|0,00||0,00|0,00|0,00||
|H030|0|11053630000140|0|84249090|6352|UN|4,56|28,00|127,68|0,00||0,00|0,00|0,00||
|H030|0|11053630000140|0|84821010|6359|PC|29,60|1,00|29,60|0,00||0,00|0,00|0,00||
|H030|0|11053630000140|0|85411099|6360|PC|170,00|1,00|170,00|0,00||0,00|0,00|0,00||
|H030|0|11053630000140|0|85119000|6361|PC|65,00|1,00|65,00|0,00||0,00|0,00|0,00||
|H030|0|11053630000140|0|84329000|6366|PC|153,14|1,00|153,14|0,00||0,00|0,00|0,00||
|H030|0|11053630000140|0|84329000|6377|PC|52,01|2,00|104,02|0,00||0,00|0,00|0,00||
|H030|0|11053630000140|0|84329000|6379|PC|196,30|4,00|785,20|0,00||0,00|0,00|0,00||
|H030|0|11053630000140|0|84329000|6380|PC|110,70|3,00|332,10|0,00||0,00|0,00|0,00||
|H030|0|11053630000140|0|73182900|6383|PC|14,72|1,00|14,72|0,00||0,00|0,00|0,00||
|H030|0|11053630000140|0|84829990|6384|PC|29,88|2,00|59,76|0,00||0,00|0,00|0,00||
|H030|0|11053630000140|0|87083090|6386|UN|51,41|2,00|102,82|0,00||0,00|0,00|0,00||
|H030|0|11053630000140|0|84329000|6387|PC|9,02|14,00|126,28|0,00||0,00|0,00|0,00||
|H030|0|11053630000140|0|84329000|6388|PC|12,14|8,00|97,12|0,00||0,00|0,00|0,00||
|H030|0|11053630000140|0|84212300|6390|UN|114,00|1,00|114,00|0,00||0,00|0,00|0,00||
|H030|0|11053630000140|0|84833090|6393|PC|164,19|2,00|328,38|0,00||0,00|0,00|0,00||
|H030|0|11053630000140|0|84842000|6395|PC|6,58|6,00|39,48|0,00||0,00|0,00|0,00||
|H030|0|11053630000140|0|84099999|6404|PC|244,72|4,00|978,88|0,00||0,00|0,00|0,00||
|H030|0|11053630000140|0|73182200|6408|PC|1,38|10,00|13,80|0,00||0,00|0,00|0,00||
|H030|0|11053630000140|0|84825010|6409|PC|55,99|2,00|111,98|0,00||0,00|0,00|0,00||
|H030|0|11053630000140|0|87082912|6411|PC|140,64|1,00|140,64|0,00||0,00|0,00|0,00||
|H030|0|11053630000140|0|82084000|6413|PC|116,23|3,00|348,69|0,00||0,00|0,00|0,00||
|H030|0|11053630000140|0|84823000|6423|PC|134,55|2,00|269,10|0,00||0,00|0,00|0,00||
|H030|0|11053630000140|0|84329000|6424|PC|65,29|4,00|261,16|0,00||0,00|0,00|0,00||
|H030|0|11053630000140|0|27101932|6425|BD|177,97|2,00|355,94|0,00||0,00|0,00|0,00||
|H030|0|11053630000140|0|87089300|6426|PC|291,34|1,00|291,34|0,00||0,00|0,00|0,00||
|H030|0|11053630000140|0|84821010|6427|PC|49,51|1,00|49,51|0,00||0,00|0,00|0,00||
|H030|0|11053630000140|0|73182100|6428|PC|1,68|5,00|8,40|0,00||0,00|0,00|0,00||
|H030|0|11053630000140|0|40169300|6429|PC|0,73|11,00|8,03|0,00||0,00|0,00|0,00||
|H030|0|11053630000140|0|84824000|6430|PC|50,40|1,00|50,40|0,00||0,00|0,00|0,00||
|H030|0|11053630000140|0|40169300|6432|PC|5,05|4,00|20,20|0,00||0,00|0,00|0,00||
|H030|0|11053630000140|0|84822010|6436|PC|50,26|2,00|100,52|0,00||0,00|0,00|0,00||
|H030|0|11053630000140|0|73269090|6437|PC|24,05|1,00|24,05|0,00||0,00|0,00|0,00||
|H030|0|11053630000140|0|84825090|6438|PC|56,17|1,00|56,17|0,00||0,00|0,00|0,00||
|H030|0|11053630000140|0|73182900|6439|PC|4,37|10,00|43,70|0,00||0,00|0,00|0,00||
|H030|0|11053630000140|0|87089990|6440|PC|209,04|1,00|209,04|0,00||0,00|0,00|0,00||
|H030|0|11053630000140|0|40169300|6441|PC|0,53|7,00|3,71|0,00||0,00|0,00|0,00||
|H030|0|11053630000140|0|84212990|6445|PC|114,86|2,00|229,72|0,00||0,00|0,00|0,00||
|H030|0|11053630000140|0|73182900|6446|UN|0,80|2,00|1,60|0,00||0,00|0,00|0,00||
|H030|0|11053630000140|0|40169300|6448|PC|19,81|4,00|79,24|0,00||0,00|0,00|0,00||
|H030|0|11053630000140|0|87085099|6449|PC|17,01|1,00|17,01|0,00||0,00|0,00|0,00||
|H030|0|11053630000140|0|84368000|6454|UN|11,43|1,00|11,43|0,00||0,00|0,00|0,00||
|H030|0|11053630000140|0|40169300|6455|PC|9,07|5,00|45,35|0,00||0,00|0,00|0,00||
|H030|0|11053630000140|0|40169300|6456|PC|1,63|5,00|8,15|0,00||0,00|0,00|0,00||
|H030|0|11053630000140|0|84249090|6457|UN|447,00|1,00|447,00|0,00||0,00|0,00|0,00||
|H030|0|11053630000140|0|87089990|6458|PC|67,40|1,00|67,40|0,00||0,00|0,00|0,00||
|H030|0|11053630000140|0|87089300|6459|PC|162,35|1,00|162,35|0,00||0,00|0,00|0,00||
|H030|0|11053630000140|0|87089300|6460|PC|174,37|2,00|348,74|0,00||0,00|0,00|0,00||
|H030|0|11053630000140|0|87089300|6461|PC|174,37|2,00|348,74|0,00||0,00|0,00|0,00||
|H030|0|11053630000140|0|40169990|6464|PC|9,43|4,00|37,72|0,00||0,00|0,00|0,00||
|H030|0|11053630000140|0|73181500|6465|PC|3,99|1,00|3,99|0,00||0,00|0,00|0,00||
|H030|0|11053630000140|0|87084090|6473|PC|21,23|3,00|63,69|0,00||0,00|0,00|0,00||
|H030|0|11053630000140|0|39174090|6474|PC|17,07|1,00|17,07|0,00||0,00|0,00|0,00||
|H030|0|11053630000140|0|40169300|6475|PC|14,75|8,00|118,00|0,00||0,00|0,00|0,00||
|H030|0|11053630000140|0|83099000|6489|PC|4,00|1,00|4,00|0,00||0,00|0,00|0,00||
|H030|0|11053630000140|0|73181500|6491|PC|3,74|2,00|7,48|0,00||0,00|0,00|0,00||
|H030|0|11053630000140|0|40169300|6493|PC|51,00|3,00|153,00|0,00||0,00|0,00|0,00||
|H030|0|11053630000140|0|40169300|6496|PC|6,37|1,00|6,37|0,00||0,00|0,00|0,00||
|H030|0|11053630000140|0|84839000|6500|PC|24,83|2,00|49,66|0,00||0,00|0,00|0,00||
|H030|0|11053630000140|0|48239099|6501|PC|16,30|4,00|65,20|0,00||0,00|0,00|0,00||
|H030|0|11053630000140|0|73071910|6502|PC|12,99|5,00|64,93|0,00||0,00|0,00|0,00||
|H030|0|11053630000140|0|85122021|6508|PC|43,81|2,00|87,62|0,00||0,00|0,00|0,00||
|H030|0|11053630000140|0|74152900|6510|PC|20,87|4,00|83,48|0,00||0,00|0,00|0,00||
|H030|0|11053630000140|0|87089990|6511|PC|19,69|1,00|19,69|0,00||0,00|0,00|0,00||
|H030|0|11053630000140|0|40169300|6512|PC|0,99|10,00|9,90|0,00||0,00|0,00|0,00||
|H030|0|11053630000140|0|73259910|6513|PC|125,32|1,00|125,32|0,00||0,00|0,00|0,00||
|H030|0|11053630000140|0|40093100|6514|PC|3,67|2,00|7,34|0,00||0,00|0,00|0,00||
|H030|0|11053630000140|0|84133090|6519|PC|177,05|1,00|177,05|0,00||0,00|0,00|0,00||
|H030|0|11053630000140|0|40169300|6523|PC|2,07|2,00|4,14|0,00||0,00|0,00|0,00||
|H030|0|11053630000140|0|87162000|6531|UN|6453,33|1,00|6453,33|0,00||0,00|0,00|0,00||
|H030|0|11053630000140|0|87089990|6533|PC|37,35|2,00|74,70|0,00||0,00|0,00|0,00||
|H030|0|11053630000140|0|87089990|6537|PC|10,96|1,00|10,96|0,00||0,00|0,00|0,00||
|H030|0|11053630000140|0|87085099|6543|PC|402,46|1,00|402,46|0,00||0,00|0,00|0,00||
|H030|0|11053630000140|0|87089990|6545|PC|114,01|2,00|228,02|0,00||0,00|0,00|0,00||
|H030|0|11053630000140|0|74152100|6546|PC|97,65|1,00|97,65|0,00||0,00|0,00|0,00||
|H030|0|11053630000140|0|85364100|6548|UN|89,93|1,00|89,93|0,00||0,00|0,00|0,00||
|H030|0|11053630000140|0|85044021|6549|UN|79,46|1,00|79,46|0,00||0,00|0,00|0,00||
|H030|0|11053630000140|0|40169300|6550|PC|27,49|2,00|54,98|0,00||0,00|0,00|0,00||
|H030|0|11053630000140|0|38249941|6563|UN|11,59|16,00|185,44|0,00||0,00|0,00|0,00||
|H030|0|11053630000140|0|84212300|6566|UN|18,26|5,00|91,30|0,00||0,00|0,00|0,00||
|H030|0|11053630000140|0|87089990|6568|PC|308,50|1,00|308,50|0,00||0,00|0,00|0,00||
|H030|0|11053630000140|0|87089990|6569|PC|26,51|2,00|53,02|0,00||0,00|0,00|0,00||
|H030|0|11053630000140|0|73181600|6571|PC|8,48|2,00|16,96|0,00||0,00|0,00|0,00||
|H030|0|11053630000140|0|40169300|6575|PC|0,44|4,00|1,76|0,00||0,00|0,00|0,00||
|H030|0|11053630000140|0|87089990|6576|PC|19,91|1,00|19,91|0,00||0,00|0,00|0,00||
|H030|0|11053630000140|0|87089990|6577|PC|201,75|2,00|403,50|0,00||0,00|0,00|0,00||
|H030|0|11053630000140|0|84139190|6590|PC|93,28|2,00|186,56|0,00||0,00|0,00|0,00||
|H030|0|11053630000140|0|84139190|6591|PC|111,54|1,00|111,54|0,00||0,00|0,00|0,00||
|H030|0|11053630000140|0|40169300|6592|PC|31,23|12,00|374,76|0,00||0,00|0,00|0,00||
|H030|0|11053630000140|0|85444200|6596|UN|15,00|1,00|15,00|0,00||0,00|0,00|0,00||
|H030|0|11053630000140|0|73182900|6610|PC|1,50|4,00|6,00|0,00||0,00|0,00|0,00||
|H030|0|11053630000140|0|84129080|6614|UN|29,03|1,00|29,03|0,00||0,00|0,00|0,00||
|H030|0|11053630000140|0|87082912|6630|PC|84,71|1,00|84,71|0,00||0,00|0,00|0,00||
|H030|0|11053630000140|0|49089000|6631|PC|11,52|1,00|11,52|0,00||0,00|0,00|0,00||
|H030|0|11053630000140|0|49089000|6632|PC|23,27|1,00|23,27|0,00||0,00|0,00|0,00||
|H030|0|11053630000140|0|87089412|6642|UN|72,51|2,00|145,02|0,00||0,00|0,00|0,00||
|H030|0|11053630000140|0|40169300|6650|PC|17,45|1,00|17,45|0,00||0,00|0,00|0,00||
|H030|0|11053630000140|0|84249090|6652|PC|655,70|2,00|1311,40|0,00||0,00|0,00|0,00||
|H030|0|11053630000140|0|73181500|6653|PC|0,32|9,00|2,88|0,00||0,00|0,00|0,00||
|H030|0|11053630000140|0|73181600|6654|PC|0,13|9,00|1,17|0,00||0,00|0,00|0,00||
|H030|0|11053630000140|0|73182200|6655|PC|0,22|9,00|1,98|0,00||0,00|0,00|0,00||
|H030|0|11053630000140|0|73181500|6657|PC|4,09|15,00|61,35|0,00||0,00|0,00|0,00||
|H030|0|11053630000140|0|84329000|6658|PC|3,64|20,00|72,80|0,00||0,00|0,00|0,00||
|H030|0|11053630000140|0|84329000|6659|PC|3,98|20,00|79,60|0,00||0,00|0,00|0,00||
|H030|0|11053630000140|0|74152900|6660|UN|2,58|2,00|5,16|0,00||0,00|0,00|0,00||
|H030|0|11053630000140|0|84831019|6666|PC|1571,14|1,00|1571,14|0,00||0,00|0,00|0,00||
|H030|0|11053630000140|0|84833029|6667|PC|187,31|1,00|187,31|0,00||0,00|0,00|0,00||
|H030|0|11053630000140|0|84833029|6668|PC|131,93|1,00|131,93|0,00||0,00|0,00|0,00||
|H030|0|11053630000140|0|84099999|6669|PC|309,76|3,00|929,28|0,00||0,00|0,00|0,00||
|H030|0|11053630000140|0|39199090|6674|PC|12,23|1,00|12,23|0,00||0,00|0,00|0,00||
|H030|0|11053630000140|0|40169300|6680|UN|4,78|9,00|43,02|0,00||0,00|0,00|0,00||
|H030|0|11053630000140|0|84249090|6681|UN|12,90|20,00|258,00|0,00||0,00|0,00|0,00||
|H030|0|11053630000140|0|73181500|6694|UN|8,07|30,00|242,10|0,00||0,00|0,00|0,00||
|H030|0|11053630000140|0|85444200|6705|UN|15,00|1,00|15,00|0,00||0,00|0,00|0,00||
|H030|0|11053630000140|0|39173900|6706|UN|4,50|5,00|22,50|0,00||0,00|0,00|0,00||
|H030|0|11053630000140|0|85472090|6707|UN|0,25|100,00|25,00|0,00||0,00|0,00|0,00||
|H040|0|476183,57|
|H050|9|0,00|
|H050|0|476183,57|
|H060|68129910|83,07|
|H060|00853650|0,00|
|H060|56022100|141,05|
|H060|84249090|15416,32|
|H060|84328000|48644,89|
|H060|87087010|529,80|
|H060|87087090|1448,55|
|H060|87089300|24239,97|
|H060|84099116|0,00|
|H060|84368000|11,43|
|H060|40103300|104,88|
|H060|84798999|1941,66|
|H060|84829990|59,76|
|H060|68159990|3,24|
|H060|38249041|266,27|
|H060|87085080|37,03|
|H060|85365090|1417,28|
|H060|40103100|288,65|
|H060|90292010|3447,67|
|H060|38190000|56,80|
|H060|40093290|215,65|
|H060|84833090|2342,23|
|H060|82084000|938,21|
|H060|73170090|84,83|
|H060|84322100|0,00|
|H060|87082999|62,09|
|H060|74153900|154,02|
|H060|39081029|26,08|
|H060|39219090|9,72|
|H060|84248119|51,99|
|H060|85071090|3265,00|
|H060|63109000|16,00|
|H060|69099000|1455,79|
|H060|85361000|244,76|
|H060|74122000|1754,47|
|H060|84833029|1649,20|
|H060|48239099|105,86|
|H060|84219999|10572,42|
|H060|85122011|4362,93|
|H060|84814000|1061,30|
|H060|85366990|45,54|
|H060|39169090|0,00|
|H060|87083011|1253,86|
|H060|84832000|128,58|
|H060|68138910|534,61|
|H060|87169090|259,44|
|H060|39235000|85,99|
|H060|85115010|1245,20|
|H060|38237090|360,00|
|H060|85364100|395,77|
|H060|87089412|6876,67|
|H060|84834010|145,20|
|H060|73069090|1017,67|
|H060|73181500|4519,63|
|H060|84249010|735,31|
|H060|84819090|3026,14|
|H060|85366100|55,00|
|H060|87085019|308,65|
|H060|84339090|78,27|
|H060|73181600|1962,06|
|H060|84831090|1592,18|
|H060|84825090|120,36|
|H060|84213990|240,00|
|H060|40092190|375,81|
|H060|73071920|57,32|
|H060|84818092|553,23|
|H060|73259910|1990,08|
|H060|90258000|476,08|
|H060|87082919|942,37|
|H060|82029100|0,00|
|H060|73170020|0,00|
|H060|84849000|876,96|
|H060|73202090|1380,71|
|H060|85044021|79,46|
|H060|87085099|2886,57|
|H060|87089910|705,69|
|H060|76161000|279,22|
|H060|82041100|0,00|
|H060|90303390|233,29|
|H060|84821010|6096,56|
|H060|74181100|205,00|
|H060|39199090|12,23|
|H060|84836090|627,61|
|H060|74152100|362,20|
|H060|84834090|1603,07|
|H060|85392990|404,96|
|H060|39269090|1107,84|
|H060|87082912|691,10|
|H060|84835010|4471,77|
|H060|85411099|170,00|
|H060|84322900|3811,74|
|H060|94019090|50,20|
|H060|74153300|18,67|
|H060|85392110|737,61|
|H060|84329000|58160,91|
|H060|84831019|1827,58|
|H060|83099000|4,00|
|H060|84099990|204,36|
|H060|84138100|691,23|
|H060|85123000|55,00|
|H060|85122029|0,00|
|H060|85119000|2213,63|
|H060|84841000|165,46|
|H060|85118020|150,00|
|H060|48043990|2,76|
|H060|73071990|197,65|
|H060|84099120|1779,79|
|H060|84099111|109,95|
|H060|73182300|22,40|
|H060|40103200|1353,10|
|H060|40082900|107,59|
|H060|39269069|1,01|
|H060|73072200|107,24|
|H060|73259990|26,46|
|H060|90261029|95,13|
|H060|87149600|0,00|
|H060|84835090|211,57|
|H060|84825010|1695,28|
|H060|72155000|753,32|
|H060|84122190|423,13|
|H060|40169990|133,31|
|H060|84099999|3417,79|
|H060|73209000|39,68|
|H060|40103400|0,00|
|H060|73079900|38,84|
|H060|84839000|3422,74|
|H060|87083090|1969,96|
|H060|90303990|0,00|
|H060|84099117|14,68|
|H060|84139190|5164,58|
|H060|27101992|3037,46|
|H060|84314390|40,20|
|H060|84812090|2098,61|
|H060|84321000|5533,50|
|H060|90328982|87,83|
|H060|73182900|2411,59|
|H060|82079000|55,00|
|H060|84099979|2291,71|
|H060|73043910|0,00|
|H060|84822090|1008,82|
|H060|90251990|209,44|
|H060|84818096|390,12|
|H060|73182100|371,75|
|H060|73071910|89,03|
|H060|87089990|39502,00|
|H060|87082914|1033,80|
|H060|94012000|2787,55|
|H060|39269010|65,79|
|H060|84879000|242,42|
|H060|84823000|269,10|
|H060|87085012|216,14|
|H060|40092210|0,00|
|H060|84212990|3996,08|
|H060|90328981|0,00|
|H060|87085091|1098,84|
|H060|87162000|50181,33|
|H060|90262010|439,06|
|H060|38140090|343,50|
|H060|84212300|2957,94|
|H060|84813000|201,42|
|H060|83100000|14,72|
|H060|38249941|185,44|
|H060|84822010|6273,11|
|H060|49089000|34,79|
|H060|84122110|0,00|
|H060|85122021|433,70|
|H060|87089100|1537,16|
|H060|39191000|5,00|
|H060|84818099|1567,99|
|H060|69091990|609,52|
|H060|84213100|601,25|
|H060|84136011|8411,61|
|H060|73182200|2119,06|
|H060|84133090|8033,50|
|H060|73201000|420,24|
|H060|84149020|1163,20|
|H060|84818093|0,00|
|H060|74112190|29,75|
|H060|40103900|1178,23|
|H060|73182400|448,76|
|H060|40091100|134,98|
|H060|73261900|862,51|
|H060|84195090|0,00|
|H060|87089411|335,93|
|H060|90299010|646,16|
|H060|84129080|29,03|
|H060|40161010|18,96|
|H060|27101932|7653,54|
|H060|85444200|30,00|
|H060|84133020|704,85|
|H060|84212100|36,45|
|H060|40069000|29,60|
|H060|85392910|30,55|
|H060|84829190|83,89|
|H060|39173900|2331,03|
|H060|84824000|381,81|
|H060|84132000|445,15|
|H060|40101100|66,00|
|H060|45049000|88,99|
|H060|84219199|0,00|
|H060|85472090|25,00|
|H060|68138190|354,20|
|H060|74152900|143,92|
|H060|87084090|7775,43|
|H060|73202010|109,55|
|H060|73181900|607,33|
|H060|84821090|3146,84|
|H060|87089490|274,63|
|H060|84099914|34,43|
|H060|84799090|167,33|
|H060|84842000|266,32|
|H060|84099915|152,05|
|H060|84314929|1354,10|
|H060|87089200|61,09|
|H060|73079200|176,19|
|H060|39174090|195,23|
|H060|85079090|120,47|
|H060|40093100|676,63|
|H060|84812019|0,00|
|H060|40169300|20849,10|
|H060|87084019|570,54|
|H060|27109900|1399,60|
|H060|84829120|74,25|
|H060|90259090|218,36|
|H060|90262090|516,29|
|H060|84129090|282,53|
|H060|40103500|128,56|
|H060|73269090|1302,63|
|H990|3070|
|9001|0|
|9900|0000|1|
|9900|0001|1|
|9900|0005|1|
|9900|0030|1|
|9900|0100|1|
|9900|0150|1|
|9900|0200|2836|
|9900|0990|1|
|9900|H001|1|
|9900|H020|1|
|9900|H030|2836|
|9900|H040|1|
|9900|H050|2|
|9900|H060|228|
|9900|H990|1|
|9900|9001|1|
|9900|9900|19|
|9900|9990|1|
|9900|9999|1|
|9990|22|
|9999|5935|
