|0000|LFPD|||BAHIA TRATORES DE JUAZEIRO LTDA - ME|11053630000140|BA|083818822|2918407||||2000|0|20|Brasil|BAHIA TRATORES||||
|0001|0|
|0005|LUIZ ANTONIO DE BRITO|203|09806946553|56304110|RUA AUGUSTO C BRANDAO AP 402 C|98||56304110|||7488090056||lucaspneus@uol.com.br|
|0030|1|5|9|2|1|1|1|1|1|0|1|1|0|1|1|1|1|
|0100|EDVALDO BUDOIA|900|13937073000156|09615002801|BA015697O6|48904170|RUA VENEZA|424||CENTRO|BA|2918407|||7436149700||budoia@contabilidadepaulista.com.br|
|0150|00043098983|SILVIO CALIANI|01058||00043098983||BA|||2907202|||
|0150|00532302567|AILTON DA PAIXAO BORGES|01058||00532302567||BA|||2918407|||
|0150|00985210000186|ANA DILMA BORGES AGOSTINHO GOMES|01058|00985210000186|||PE|021932808||2611101|||
|0150|01014748000106|AGRIVALE -AGRICULTURA DO  VALE S/A|01058|01014748000106|||PE|024344230||2611101|||
|0150|01145106000227|BRASILUVAS AGRICOLA LTDA|01058|01145106000227|||BA|44160177||2918407|||
|0150|01527750000260|EBFT - EMPR BRASILEIRA DE FRUTAS TROP LTDA|01058|01527750000260|||PE|||2611101|||
|0150|01539564533|EDINALDO PEREIRA DE SA ROCHA|01058||01539564533||BA|||2918407|||
|0150|01679463586|MARCIO ANDRE DIAS DE SOUZA|01058||01679463586||BA|||2907202|||
|0150|02024746403|BENEDITO DA PAIXAO RODRIGUES|01058||02024746403||PE|||2600203|||
|0150|02745179000131|TRATORMASTER TRATORES PECAS E SERVICOS LTDA|01058|02745179000131|||BA|49534519||2927408|||
|0150|03440486320|JOAO TICIANO DE ALENCAR SAMPAIO|01058||03440486320||PE|||2614303|||
|0150|03571344430|EDMILSON DE SOUZA TORRES|01058||03571344430||BA|||2907202|||
|0150|04899037000669|TIMBAUBA S.A|01058|04899037000669|||PE|019646828||2611101|||
|0150|04914035421|GUSTAVO DE SOUSA ALENCAR|01058||04914035421||PE|||2611101|||
|0150|05211191463|RICARDO CARVALHO BARROS|01058||05211191463||PE|||2611002|||
|0150|05802590000190|CONSTRUTORA JUREMA LTDA|01058|05802590000190|||PI|||2211001|||
|0150|06258506453|ANTONIO SOARES DE SOUZA|01058||06258506453||BA|||2918407|||
|0150|09231040000119|CAMPOS NONATO COMERCIO DE PRODUTOS AUTOMOTIVOS|01058|09231040000119|||BA|75897521||2918407|||
|0150|09575708000226|FAZENDA GLOBAL FILIAL IMP. E EXPORT LTDA|01058|09575708000226|||BA|81278536||2918407|||
|0150|12760775000144|RAPIDEZ CARGAS E ENCOMENDAS LTDA LTDA ME|01058|12760775000144|||BA|20851013||2927408|||
|0150|13133227000157|COMERCIAL DE FRUTAS JERUSALEM LTDA ME|01058|13133227000157|||BA|011471998||2930204|||
|0150|13371755000225|NOVA GERACAO TRANSPORTES LTDA - ME|01058|13371755000225|||SP|336595790110||3518800|||
|0150|13535269415|JULIO DE ASSIS SANTOS|01058||13535269415||BA|||2907202|||
|0150|14076889000286|CEDEP COMERCIO E INDUSTRIA LTDA|01058|14076889000286|||BA|04585710||2910800|||
|0150|17975166553|JOAO URBANO DA SILVA|01058||17975166553||BA|||2906006|||
|0150|21130787400|JOAO SERGIO DE SÁ|01058||21130787400||BA|||2930204|||
|0150|22561781534|ANTONIO DA COSTA SANTOS|01058||22561781534||BA|||2907202|||
|0150|23868848487|JOSE OLIVEIRA DE SOUZA|01058||23868848487||BA|||2907202|||
|0150|24553329000300|HAIRTON BENEVIDES MOTA EIRELI-ME|01058|24553329000300|||SP|796462239111||3518800|||
|0150|24961593000110|CONDOMINIO DO EDIFICIO BOSQUE DO RIO|01058|24961593000110|||PE|||2611101|||
|0150|27705668572|NOEH ROMUALDO BONFIM|01058||27705668572||BA|||2918407|||
|0150|27882598836|MARCELO BORGES VIEIRA|01058||27882598836||BA|||2907202|||
|0150|31238831400|ANIBAL LEONEL DE ALENCAR|01058||31238831400||PE|||2613503|||
|0150|34473670597|CICERO ANTONIO DE SOUZA|01058||34473670597||BA|||2909901|||
|0150|35017376534|CICERO LOURENCO DA SILVA|01058||35017376534||BA|||2909901|||
|0150|36758620468|ALDENIR FREIRE DOS SANTOS|01058||36758620468||PE|||2611101|||
|0150|37195964515|DEUZIVAL SARAIVA DE SOUZA|01058||37195964515||BA|||2918407|||
|0150|38597039434|LUIZ FREIRE DA SILVA|01058||38597039434||PE|||2616100|||
|0150|41862147434|DURVAL JACOBINA DE BRITO|01058||41862147434||BA|||2918407|||
|0150|42855250463|MANOEL EXPEDITO DE SOUZA|01058||42855250463||BA|||2911402|||
|0150|42888760444|GILDENOR RODRIGUES DE MORAES|01058||42888760444||BA|||2907202|||
|0150|43396100549|ROBERTO BALDO DA SILVA|01058||43396100549||BA|||2918407|||
|0150|43403263568|GERALDO TADASHI HIRATA|01058||43403263568||BA|||2918407|||
|0150|45543755872|FRANCISCO ALVES DE ALENCAR|01058||45543755872||PE|||2614006|||
|0150|47390307000100|SHARK TRATORES E PECAS LTDA|01058|47390307000100|||SP|143819340117||3550308|||
|0150|51924552515|ANTONIO SILVA SANTOS|01058||51924552515||BA|||2918407|||
|0150|52044203553|GILBERTO BRAZ DOS SANTOS|01058||52044203553||BA|||2918407|||
|0150|54954053587|JOAO BATISTA DA SILVA|01058||54954053587||BA|||2909901|||
|0150|55006442468|JOSE VALDENIZ GOMES DE LIMA|01058||55006442468||PE|||2611101|||
|0150|58248352000817|COBRA ROLAMENTOS E AUTOPECAS LTDA|01058|58248352000817|||BA|49894952||2927408|||
|0150|58551243000289|AGROPECUARIA LABRUNIER LTDA|01058|58551243000289|||BA|25888766||2907202|||
|0150|60568461568|NELSON SOARES DE SOUZA JUNIOR|01058||60568461568||PE|||2611101|||
|0150|60844990400|ALDECIR FREIRE DOS SANTOS|01058||60844990400||BA|||2907202|||
|0150|62789333491|PAULO ASSIS DE MACEDO COELHO|01058||62789333491||PE|||2600203|||
|0150|62829408420|FRANCISCO JOAO DE SOUZA RODRIGUES|01058||62829408420||PE|||2605152|||
|0150|62933809000123|CAMBUCI METALURGICA LTDA|01058|62933809000123|||SP|108432267111||3550308|||
|0150|66656583504|GILBERTO DE SOUSA MAURICIO|01058||66656583504||BA|||2918407|||
|0150|69954626000133|SPECIAL FRUIT IMP. E EXP. LTDA|01058|69954626000133|||BA|44149198||2918407|||
|0150|71805702572|HELDERVAN BEZERRA DA SILVA|01058||71805702572||BA|||2918407|||
|0150|77310589000159|EQUAGRIL EQUIPAMENTOS AGRICOLA LTDA|01058|77310589000159|||SP|144410696117||3550308|||
|0150|88387372404|LAUREMICIO DE CASTRO AMORIM GOMES|01058||88387372404||BA|||2907202|||
|0150|88847686000363|EBRAZ EXPORTADORA LTDA|01058|88847686000363|||BA|36808843||2918407|||
|0150|90943759587|CESAR NEI ALVES COELHO|01058||90943759587||BA|||2918407|||
|0150|90983955549|MARIA APARECIDA MARQUES A DE SOUZA|01058||90983955549||BA|||2909901|||
|0150|91212170504|AUTENOR ALBINO DE CARVALHO|01058||91212170504||BA|||2918407|||
|0150|91541077504|LEANDRO MASSAHIRO DOY|01058||91541077504||BA|||2918407|||
|0150|92645097553|GILBERTO FREIRE DE SA|01058||92645097553||BA|||2918407|||
|0150|96832076000152|JUAGRO AGRONEGOCIO COM E REP LTDA|01058|96832076000152|||BA|37906122||2918407|||
|0150|97719838572|MARCIO MONTEIRO DE SOUZA|01058||97719838572||BA|||2918407|||
|0150|99999999999|VENDA AO CONSUMIDOR|01058||99999999999||BA|||2918407|||
|0990|76|
|E001|0|
|E020|1|0|51924552515|55|00|1|716|29180111053630000140550010000007161000007160||05012018|SP10|SP10|10|0|349,95|0,00|0,00|0,00|||||0,00|0,00||||||
|E025|349,95|0,00|5933|0,00||0,00|||||||||0||
|E020|1|0|41862147434|55|00|1|717|29180111053630000140550010000007171000007176||09012018|SP10|SP10|10|1|100,00|0,00|0,00|0,00|||||0,00|0,00||||||
|E025|100,00|0,00|5933|0,00||0,00|||||||||0||
|E020|1|0|13133227000157|55|00|1|718|29180111053630000140550010000007181000007181||09012018|SP10|SP10|10|1|614,00|0,00|0,00|0,00|||||0,00|0,00||||||
|E025|614,00|0,00|5933|0,00||0,00|||||||||0||
|E020|1|0|97719838572|55|00|1|719|29180111053630000140550010000007191000007197||10012018|SP10|SP10|10|1|650,00|0,00|0,00|0,00|||||0,00|0,00||||||
|E025|650,00|0,00|5933|0,00||0,00|||||||||0||
|E020|1|0|00532302567|55|00|1|720|29180111053630000140550010000007201000007201||15012018|SP10|SP10|10|1|450,00|0,00|0,00|0,00|||||0,00|0,00||||||
|E025|450,00|0,00|5933|0,00||0,00|||||||||0||
|E020|1|0|42888760444|55|00|1|721|29180111053630000140550010000007211000007217||15012018|SP10|SP10|10|1|392,00|0,00|0,00|0,00|||||0,00|0,00||||||
|E025|392,00|0,00|5933|0,00||0,00|||||||||0||
|E020|1|0|88387372404|55|00|1|722|29180111053630000140550010000007221000007222||15012018|SP10|SP10|10|1|293,00|0,00|0,00|0,00|||||0,00|0,00||||||
|E025|293,00|0,00|5933|0,00||0,00|||||||||0||
|E020|1|0|45543755872|55|00|1|723|29180111053630000140550010000007231000007238||15012018|SP10|SP10|10|1|1000,00|0,00|0,00|0,00|||||0,00|0,00||||||
|E025|1000,00|0,00|6933|0,00||0,00|||||||||0||
|E020|1|0|03440486320|55|00|1|724|29180111053630000140550010000007241000007243||15012018|SP10|SP10|10|1|1084,00|0,00|0,00|0,00|||||0,00|0,00||||||
|E025|1084,00|0,00|6933|0,00||0,00|||||||||0||
|E020|1|0|69954626000133|55|00|1|6962|29180111053630000140550010000069621000069620||02012018|SP10|SP10|10|1|955,00|0,00|0,00|0,00|||||0,00|955,00||||||
|E025|955,00|0,00|5405|0,00|12,00|0,00||||955,00|||||0||
|E020|1|0|41862147434|55|00|1|6963|29180111053630000140550010000069631000069636||02012018|SP10|SP10|10|0|40,00|0,00|0,00|0,00|||||0,00|40,00||||||
|E025|40,00|0,00|5405|0,00|12,00|0,00||||40,00|||||0||
|E020|1|0|22561781534|55|00|1|6964|29180111053630000140550010000069641000069641||02012018|SP10|SP10|10|1|212,50|0,00|0,00|0,00|||||0,00|212,50||||||
|E025|212,50|0,00|5405|0,00|12,00|0,00||||212,50|||||0||
|E020|1|0|71805702572|55|00|1|6965|29180111053630000140550010000069651000069657||03012018|SP10|SP10|10|0|200,00|0,00|0,00|0,00|||||0,00|215,00||||||
|E025|200,00|0,00|5405|0,00|12,00|0,00||||215,00|||||0||
|E020|1|0|37195964515|55|00|1|6966|29180111053630000140550010000069661000069662||03012018|SP10|SP10|10|1|80,00|0,00|0,00|0,00|||||0,00|87,00||||||
|E025|80,00|0,00|5405|0,00|12,00|0,00||||87,00|||||0||
|E020|1|0|54954053587|55|00|1|6967|29180111053630000140550010000069671000069678||03012018|SP10|SP10|10|1|240,00|0,00|0,00|0,00|||||0,00|240,00||||||
|E025|240,00|0,00|5405|0,00|12,00|0,00||||240,00|||||0||
|E020|1|0|99999999999|55|00|1|6968|29180111053630000140550010000069681000069683||03012018|SP90|SP90|10|2|900,00|0,00|0,00|0,00|||||0,00|1800,00||||||
|E025|900,00|0,00|5929|0,00||0,00||||900,00|||||0||
|E020|1|0|00532302567|55|00|1|6969|29180111053630000140550010000069691000069699||03012018|SP10|SP10|10|1|11000,00|0,00|3623,40|652,21|||||0,00|7376,60||||||
|E025|11000,00|0,00|5405|3623,40|18,00|652,21||||7376,60|||||0||
|E020|1|0|99999999999|55|00|1|6970|29180111053630000140550010000069701000069703||03012018|SP90|SP90|10|2|42,00|0,00|0,00|0,00|||||0,00|84,00||||||
|E025|42,00|0,00|5929|0,00||0,00||||42,00|||||0||
|E020|0|0|51924552515|55|00|1|6971|29180111053630000140550010000069711000069719|03012018|03012018|EA20|EA20|10|2|42,00|0,00|0,00|0,00|||||42,00|0,00||||||
|E025|42,00|0,00|1202|0,00||0,00|||42,00||||||0||
|E020|1|0|35017376534|55|00|1|6972|29180111053630000140550010000069721000069724||04012018|SP10|SP10|10|0|150,00|0,00|0,00|0,00|||||0,00|150,00||||||
|E025|150,00|0,00|5405|0,00|12,00|0,00||||150,00|||||0||
|E020|1|0|03571344430|55|00|1|6973|29180111053630000140550010000069731000069730||04012018|SP10|SP10|10|1|867,00|0,00|0,00|0,00|||||0,00|867,00||||||
|E025|867,00|0,00|5405|0,00|12,00|0,00||||867,00|||||0||
|E020|1|0|36758620468|55|00|1|6974|29180111053630000140550010000069741000069745||04012018|SP10|SP10|10|1|500,00|0,00|0,00|0,00|||||0,00|500,00||||||
|E025|500,00|0,00|6404|0,00|12,00|0,00||||500,00|||||0||
|E020|1|0|13535269415|55|00|1|6975|29180111053630000140550010000069751000069750||04012018|SP10|SP10|10|0|100,00|0,00|0,00|0,00|||||0,00|100,00||||||
|E025|100,00|0,00|5405|0,00|12,00|0,00||||100,00|||||0||
|E020|1|0|90983955549|55|00|1|6976|29180111053630000140550010000069761000069766||04012018|SP10|SP10|10|0|12,00|0,00|0,00|0,00|||||0,00|12,00||||||
|E025|12,00|0,00|5405|0,00|12,00|0,00||||12,00|||||0||
|E020|1|0|00043098983|55|00|1|6977|29180111053630000140550010000069771000069771||05012018|SP10|SP10|10|1|1800,00|0,00|0,00|0,00|||||0,00|1800,00||||||
|E025|1800,00|0,00|5405|0,00|12,00|0,00||||1800,00|||||0||
|E020|1|0|04914035421|55|00|1|6978|29180111053630000140550010000069781000069787||05012018|SP10|SP10|10|1|416,77|0,00|0,00|0,00|||||0,00|416,77||||||
|E025|416,77|0,00|6404|0,00|12,00|0,00||||416,77|||||0||
|E020|1|0|23868848487|55|00|1|6979|29180111053630000140550010000069791000069792||05012018|SP10|SP10|10|1|300,00|0,00|0,00|0,00|||||0,00|300,00||||||
|E025|300,00|0,00|5405|0,00|12,00|0,00||||300,00|||||0||
|E020|1|0|23868848487|55|00|1|6980|29180111053630000140550010000069801000069807||05012018|SP10|SP10|10|1|100,00|0,00|0,00|0,00|||||0,00|100,00||||||
|E025|100,00|0,00|5405|0,00|12,00|0,00||||100,00|||||0||
|E020|1|0|01539564533|55|00|1|6981|29180111053630000140550010000069811000069812||05012018|SP10|SP10|10|1|375,00|0,00|0,00|0,00|||||0,00|375,00||||||
|E025|375,00|0,00|5405|0,00|12,00|0,00||||375,00|||||0||
|E020|1|0|96832076000152|55|00|1|6982|29180111053630000140550010000069821000069828||06012018|SP10|SP10|10|1|130,00|0,00|0,00|0,00|||||0,00|136,00||||||
|E025|130,00|0,00|5405|0,00|12,00|0,00||||136,00|||||0||
|E020|1|0|04899037000669|55|00|1|6983|29180111053630000140550010000069831000069833||08012018|SP10|SP10|10|1|75,00|0,00|0,00|0,00|||||0,00|75,00||||||
|E025|75,00|0,00|6404|0,00|12,00|0,00||||75,00|||||0||
|E020|1|0|01014748000106|55|00|1|6984|29180111053630000140550010000069841000069849||08012018|SP10|SP10|10|1|24,00|0,00|0,00|0,00|||||0,00|24,00||||||
|E025|24,00|0,00|6404|0,00|12,00|0,00||||24,00|||||0||
|E020|1|0|34473670597|55|00|1|6985|29180111053630000140550010000069851000069854||08012018|SP10|SP10|10|0|24,00|0,00|0,00|0,00|||||0,00|24,00||||||
|E025|24,00|0,00|5405|0,00|12,00|0,00||||24,00|||||0||
|E020|1|0|60568461568|55|00|1|6986|29180111053630000140550010000069861000069860||08012018|SP10|SP10|10|0|120,00|0,00|0,00|0,00|||||0,00|133,00||||||
|E025|120,00|0,00|6404|0,00|12,00|0,00||||133,00|||||0||
|E020|1|0|60844990400|55|00|1|6987|29180111053630000140550010000069871000069875||08012018|SP10|SP10|10|1|16500,00|0,00|5435,10|978,32|||||0,00|11064,90||||||
|E025|16500,00|0,00|5405|5435,10|18,00|978,32||||11064,90|||||0||
|E020|1|0|09575708000226|55|00|1|6988|29180111053630000140550010000069881000069880||08012018|SP10|SP10|10|1|110,00|0,00|0,00|0,00|||||0,00|110,00||||||
|E025|110,00|0,00|5405|0,00|12,00|0,00||||110,00|||||0||
|E020|1|0|02024746403|55|00|1|6989|29180111053630000140550010000069891000069896||08012018|SP10|SP10|10|1|38,00|0,00|0,00|0,00|||||0,00|38,00||||||
|E025|38,00|0,00|6404|0,00|12,00|0,00||||38,00|||||0||
|E020|1|0|62789333491|55|00|1|6990|29180111053630000140550010000069901000069900||08012018|SP10|SP10|10|1|290,00|0,00|0,00|0,00|||||0,00|310,00||||||
|E025|290,00|0,00|6404|0,00|12,00|0,00||||310,00|||||0||
|E020|1|0|41862147434|55|00|1|6991|29180111053630000140550010000069911000069916||09012018|SP10|SP10|10|1|556,00|0,00|0,00|0,00|||||0,00|556,00||||||
|E025|556,00|0,00|5405|0,00|12,00|0,00||||556,00|||||0||
|E020|1|0|13133227000157|55|00|1|6992|29180111053630000140550010000069921000069921||09012018|SP10|SP10|10|1|435,00|0,00|0,00|0,00|||||0,00|435,00||||||
|E025|435,00|0,00|5405|0,00|12,00|0,00||||435,00|||||0||
|E020|0|0|66656583504|55|00|1|6993|29180111053630000140550010000069931000069937|09012018|09012018|EA20|EA20|10|2|380,00|0,00|125,17|22,53|||||0,00|0,00||||||
|E025|380,00|0,00|1202|125,17|18,00|22,53|||||||||0||
|E020|1|0|54954053587|55|00|1|6994|29180111053630000140550010000069941000069942||09012018|SP10|SP10|10|1|100,00|0,00|0,00|0,00|||||0,00|105,00||||||
|E025|100,00|0,00|5405|0,00|12,00|0,00||||105,00|||||0||
|E020|1|0|05802590000190|55|00|1|6995|29180111053630000140550010000069951000069958||09012018|SP10|SP10|10|1|292,00|0,00|0,00|0,00|||||0,00|292,00||||||
|E025|292,00|0,00|6404|0,00|12,00|0,00||||292,00|||||0||
|E020|1|0|00532302567|55|00|1|6996|29180111053630000140550010000069961000069963||10012018|SP10|SP10|10|1|300,00|0,00|0,00|0,00|||||0,00|300,00||||||
|E025|300,00|0,00|5405|0,00|12,00|0,00||||300,00|||||0||
|E020|1|0|91212170504|55|00|1|6997|29180111053630000140550010000069971000069979||10012018|SP10|SP10|10|0|170,00|0,00|0,00|0,00|||||0,00|170,00||||||
|E025|170,00|0,00|5405|0,00|12,00|0,00||||170,00|||||0||
|E020|1|0|91541077504|55|00|1|6998|29180111053630000140550010000069981000069984||10012018|SP10|SP10|10|1|125,00|0,00|0,00|0,00|||||0,00|125,00||||||
|E025|125,00|0,00|5405|0,00|12,00|0,00||||125,00|||||0||
|E020|1|0|01527750000260|55|00|1|6999|29180111053630000140550010000069991000069990||11012018|SP10|SP10|10|1|234,00|0,00|0,00|0,00|||||0,00|234,00||||||
|E025|234,00|0,00|6404|0,00|12,00|0,00||||234,00|||||0||
|E020|1|0|96832076000152|55|00|1|7000|29180111053630000140550010000070001000070001||11012018|SP10|SP10|10|1|525,00|0,00|0,00|0,00|||||0,00|525,00||||||
|E025|525,00|0,00|5405|0,00|12,00|0,00||||525,00|||||0||
|E020|1|0|00985210000186|55|00|1|7001|29180111053630000140550010000070011000070017||11012018|SP10|SP10|10|1|319,00|0,00|0,00|0,00|||||0,00|319,00||||||
|E025|319,00|0,00|6404|0,00|12,00|0,00||||319,00|||||0||
|E020|1|0|27882598836|55|00|1|7002|29180111053630000140550010000070021000070022||11012018|SP10|SP10|10|0|260,00|0,00|0,00|0,00|||||0,00|260,00||||||
|E025|260,00|0,00|5405|0,00|12,00|0,00||||260,00|||||0||
|E020|1|0|43403263568|55|00|1|7003|29180111053630000140550010000070031000070038||11012018|SP10|SP10|10|1|140,00|0,00|0,00|0,00|||||0,00|164,00||||||
|E025|140,00|0,00|5405|0,00|12,00|0,00||||164,00|||||0||
|E020|1|0|88847686000363|55|00|1|7004|29180111053630000140550010000070041000070043||11012018|SP10|SP10|10|1|2180,00|0,00|0,00|0,00|||||0,00|2180,00||||||
|E025|2180,00|0,00|5405|0,00|12,00|0,00||||2180,00|||||0||
|E020|1|0|52044203553|55|00|1|7005|29180111053630000140550010000070051000070059||11012018|SP10|SP10|10|1|740,00|0,00|0,00|0,00|||||0,00|980,00||||||
|E025|740,00|0,00|5405|0,00|12,00|0,00||||980,00|||||0||
|E020|1|0|05211191463|55|81|1|7006|29180111053630000140550010000070061000070064||11012018|SP90|SP90|10|2|479,00|0,00|0,00|0,00|||||0,00|958,00||||||
|E025|479,00|0,00|6929|0,00||0,00||||479,00|||||0||
|E020|1|0|42855250463|55|00|1|7007|29180111053630000140550010000070071000070070||11012018|SP10|SP10|10|1|250,00|0,00|0,00|0,00|||||0,00|250,00||||||
|E025|250,00|0,00|5405|0,00|12,00|0,00||||250,00|||||0||
|E020|1|0|05211191463|55|81|1|7008|29180111053630000140550010000070081000070085||11012018|SP90|SP90|10|2|479,00|0,00|0,00|0,00|||||0,00|958,00||||||
|E025|479,00|0,00|6929|0,00||0,00||||479,00|||||0||
|E020|1|0|01679463586|55|00|1|7009|29180111053630000140550010000070091000070090||11012018|SP10|SP10|10|1|280,00|0,00|0,00|0,00|||||0,00|280,00||||||
|E025|280,00|0,00|5405|0,00|12,00|0,00||||280,00|||||0||
|E020|1|0|58551243000289|55|00|1|7010|29180111053630000140550010000070101000070105||12012018|SP10|SP10|10|1|2660,00|0,00|0,00|0,00|||||0,00|2660,00||||||
|E025|2660,00|0,00|5405|0,00|12,00|0,00||||2660,00|||||0||
|E020|1|0|01145106000227|55|00|1|7011|29180111053630000140550010000070111000070110||12012018|SP10|SP10|10|1|2660,00|0,00|0,00|0,00|||||0,00|2660,00||||||
|E025|2660,00|0,00|5405|0,00|12,00|0,00||||2660,00|||||0||
|E020|1|0|05211191463|55|81|1|7012|29180111053630000140550010000070121000070126||12012018|SP90|SP90|10|2|479,00|0,00|0,00|0,00|||||0,00|958,00||||||
|E025|479,00|0,00|6929|0,00||0,00||||479,00|||||0||
|E020|1|0|55006442468|55|00|1|7013|29180111053630000140550010000070131000070131||12012018|SP10|SP10|10|1|6400,00|0,00|2108,16|252,98|||||0,00|4291,84||||||
|E025|6400,00|0,00|6404|2108,16|12,00|252,98||||4291,84|||||0||
|E020|1|0|96832076000152|55|00|1|7014|29180111053630000140550010000070141000070147||12012018|SP10|SP10|10|1|23,00|0,00|0,00|0,00|||||0,00|23,00||||||
|E025|23,00|0,00|5405|0,00|12,00|0,00||||23,00|||||0||
|E020|1|0|17975166553|55|00|1|7015|29180111053630000140550010000070151000070152||13012018|SP10|SP10|10|1|290,00|0,00|0,00|0,00|||||0,00|290,00||||||
|E025|290,00|0,00|5405|0,00|12,00|0,00||||290,00|||||0||
|E020|1|0|91212170504|55|00|1|7016|29180111053630000140550010000070161000070168||15012018|SP10|SP10|10|0|340,00|0,00|0,00|0,00|||||0,00|340,00||||||
|E025|340,00|0,00|5405|0,00|12,00|0,00||||340,00|||||0||
|E020|1|0|21130787400|55|00|1|7017|29180111053630000140550010000070171000070173||15012018|SP10|SP10|10|0|45,00|0,00|0,00|0,00|||||0,00|45,00||||||
|E025|45,00|0,00|5405|0,00|12,00|0,00||||45,00|||||0||
|E020|1|0|05211191463|55|00|1|7018|29180111053630000140550010000070181000070189||15012018|SP90|SP90|10|2|479,00|0,00|0,00|0,00|||||0,00|958,00||||||
|E025|479,00|0,00|6929|0,00||0,00||||479,00|||||0||
|E020|0|0|05211191463|55|00|1|7019|29180111053630000140550010000070191000070194|15012018|15012018|EA20|EA20|10|2|479,00|0,00|0,00|0,00|||||479,00|0,00||||||
|E025|479,00|0,00|2202|0,00||0,00|||479,00||||||0||
|E020|1|0|92645097553|55|00|1|7020|29180111053630000140550010000070201000070209||15012018|SP10|SP10|10|0|65,00|0,00|0,00|0,00|||||0,00|65,00||||||
|E025|65,00|0,00|5405|0,00|12,00|0,00||||65,00|||||0||
|E020|1|0|06258506453|55|00|1|7021|29180111053630000140550010000070211000070214||15012018|SP10|SP10|10|0|20,00|0,00|0,00|0,00|||||0,00|20,00||||||
|E025|20,00|0,00|5405|0,00|12,00|0,00||||20,00|||||0||
|E020|1|0|96832076000152|55|00|1|7022|29180111053630000140550010000070221000070220||15012018|SP10|SP10|10|1|630,00|0,00|0,00|0,00|||||0,00|630,00||||||
|E025|630,00|0,00|5405|0,00|12,00|0,00||||630,00|||||0||
|E020|1|0|45543755872|55|00|1|7023|29180111053630000140550010000070231000070235||15012018|SP10|SP10|10|1|1400,00|0,00|0,00|0,00|||||0,00|1523,00||||||
|E025|1400,00|0,00|6404|0,00|12,00|0,00||||1523,00|||||0||
|E020|1|0|88387372404|55|00|1|7024|29180111053630000140550010000070241000070240||15012018|SP10|SP10|10|1|378,00|0,00|0,00|0,00|||||0,00|378,00||||||
|E025|378,00|0,00|5405|0,00|12,00|0,00||||378,00|||||0||
|E020|1|0|42888760444|55|00|1|7025|29180111053630000140550010000070251000070256||15012018|SP10|SP10|10|1|1188,00|0,00|0,00|0,00|||||0,00|1188,00||||||
|E025|1188,00|0,00|5405|0,00|12,00|0,00||||1188,00|||||0||
|E020|1|0|38597039434|55|00|1|7026|29180111053630000140550010000070261000070261||15012018|SP10|SP10|10|1|2000,00|0,00|0,00|0,00|||||0,00|2000,00||||||
|E025|2000,00|0,00|6404|0,00|12,00|0,00||||2000,00|||||0||
|E020|1|0|00532302567|55|00|1|7027|29180111053630000140550010000070271000070277||15012018|SP10|SP10|10|1|1000,00|0,00|0,00|0,00|||||0,00|1087,00||||||
|E025|1000,00|0,00|5405|0,00|12,00|0,00||||1087,00|||||0||
|E020|0|0|31238831400|55|00|1|7028|29180111053630000140550010000070281000070282|15012018|15012018|EA20|EA20|10|2|2680,00|0,00|0,00|0,00|||||0,00|2705,30||||||
|E025|2680,00|0,00|2202|0,00|12,00|0,00||||2705,30|||||0||
|E020|1|0|31238831400|55|00|1|7029|29180111053630000140550010000070291000070298||15012018|SP10|SP10|10|1|2109,00|0,00|0,00|0,00|||||0,00|2109,00||||||
|E025|2109,00|0,00|6404|0,00|12,00|0,00||||2109,00|||||0||
|E020|1|0|43396100549|55|00|1|7030|29180111053630000140550010000070301000070302||15012018|SP10|SP10|10|0|65,00|0,00|0,00|0,00|||||0,00|65,00||||||
|E025|65,00|0,00|5405|0,00|12,00|0,00||||65,00|||||0||
|E020|1|0|03440486320|55|00|1|7031|29180111053630000140550010000070311000070318||15012018|SP10|SP10|10|1|16,00|0,00|0,00|0,00|||||0,00|16,00||||||
|E025|16,00|0,00|6404|0,00|12,00|0,00||||16,00|||||0||
|E020|0|1|09231040000119|55|00|1|8986|29180109231040000119550010000089861000000014|03012018|04012018|EA10|EA10|10|1|288,00|0,00|288,00|51,84|||||0,00|0,00||||||
|E025|288,00|0,00|1102|288,00|18,00|51,84|||||||||0||
|E020|0|1|00985210000186|55|00|1|11669|26180100985210000186550010000116691050009044|04012018|08012018|EA10|EA10|10|2|136,63|0,00|0,00|0,00|||||0,00|0,00||||||
|E025|136,63|0,00|2403|0,00||0,00|||||||||0||
|E020|0|1|96832076000152|55|00|101|45152|29180196832076000152551010000451521029972906|03012018|05012018|EA10|EA10|10|1|3620,35|0,00|95,70|17,23|||||0,00|0,00||||||
|E025|307,61|0,00|1102|95,70|18,00|17,23|||||||||0||
|E025|3312,74|0,00|1403|0,00||0,00|||||||||0||
|E020|0|1|96832076000152|55|00|101|45153|29180196832076000152551010000451531456101150|03012018|03012018|EA10|EA10|10|1|2364,64|0,00|0,00|0,00|||||0,00|0,00||||||
|E025|2364,64|0,00|1403|0,00||0,00|||||||||0||
|E020|0|1|02745179000131|55|00|3|72352|29180102745179000131550030000723521457203629|03012018|04012018|EA10|EA10|10|1|986,85|0,00|0,00|0,00|||||0,00|0,00||||||
|E025|986,85|0,00|1403|0,00||0,00|||||||||0||
|E020|0|1|58248352000817|55|00|1|124763|29180158248352000817550010001247631685911868|05012018|08012018|EA10|EA10|10|1|1565,14|0,00|0,00|0,00|||||0,00|0,00||||||
|E025|1565,14|0,00|1403|0,00||0,00|||||||||0||
|E020|0|1|58248352000817|55|00|1|124922|29180158248352000817550010001249221659086764|09012018|10012018|EA10|EA10|10|1|250,32|0,00|0,00|0,00|||||0,00|0,00||||||
|E025|250,32|0,00|1403|0,00||0,00|||||||||0||
|E020|0|1|77310589000159|55|00|2|149213|35171277310589000159550020001492131004648120|26122017|02012018|EA10|EA10|10|1|2182,56|0,00|1744,38|122,10|438,18||||0,00|0,00||||||
|E025|181,98|0,00|2102|183,24|7,00|12,83|||||||||0||
|E025|52,70|0,00|2403|53,07|6,99|3,71|103,39|14,90|||||||0||
|E025|1497,70|0,00|2403|1508,07|7,00|105,56|2938,02|423,28|||||||0||
|E020|0|1|47390307000100|55|00|2|281723|35171247390307000100550020002817231002623498|28122017|03012018|EA10|EA10|10|1|1113,61|0,00|869,55|60,87|244,06||||0,00|0,00||||||
|E025|35,63|0,00|2403|35,92|6,99|2,51|69,98|10,09|||||||0||
|E025|730,26|0,00|2403|736,19|7,00|51,53|1434,25|206,63|||||||0||
|E025|96,66|0,00|2403|97,44|7,01|6,83|189,83|27,34|||||||0||
|E020|0|1|47390307000100|55|00|2|282486|35180147390307000100550020002824861006726171|04012018|10012018|EA10|EA10|10|1|3139,72|0,00|2451,62|171,62|688,10||||0,00|0,00||||||
|E025|48,12|0,00|2403|48,34|6,99|3,38|94,18|13,57|||||||0||
|E025|2337,54|0,00|2403|2348,06|7,00|164,37|4574,48|659,04|||||||0||
|E025|54,96|0,00|2403|55,22|7,01|3,87|107,58|15,49|||||||0||
|E020|0|1|62933809000123|55|00|1|392160|35180162933809000123550010003921601008425370|03012018|09012018|EA10|EA10|10|1|3454,44|0,00|2751,42|192,56|698,38||||0,00|0,00||||||
|E025|107,80|0,00|2102|107,80|6,99|7,54|||||||||0||
|E025|161,22|0,00|2102|161,22|7,00|11,28|||||||||0||
|E025|10,90|0,00|2403|10,90|6,97|0,76|21,23|3,06|||||||0||
|E025|49,16|0,00|2403|49,16|6,98|3,43|104,80|15,43|||||||0||
|E025|2422,34|0,00|2403|2422,34|7,00|169,55|4719,19|679,89|||||||0||
|E020|0|1|62933809000123|55|00|1|392494|35180162933809000123550010003924941002514618|05012018|12012018|EA10|EA10|10|1|1600,61|0,00|1313,08|91,87|287,53||||0,00|0,00||||||
|E025|7,90|0,00|2102|7,90|6,96|0,55|||||||||0||
|E025|16,94|0,00|2102|16,94|6,97|1,18|||||||||0||
|E025|263,84|0,00|2102|263,84|7,00|18,46|||||||||0||
|E025|65,28|0,00|2403|65,28|6,99|4,56|127,17|18,33|||||||0||
|E025|959,12|0,00|2403|959,12|7,00|67,12|1868,53|269,20|||||||0||
|E020|0|1|14076889000286|55|00|1|431550|29180114076889000286550010004315501111010015|10012018|12012018|EA10|EA10|10|1|544,32|0,00|0,00|0,00|||||0,00|0,00||||||
|E025|544,32|0,00|1652|0,00||0,00|||||||||1||
|E020|0|1|14076889000286|55|00|1|431551|29180114076889000286550010004315511111010012|10012018|12012018|EA10|EA10|10|1|2122,40|0,00|0,00|0,00|||||0,00|0,00||||||
|E025|2122,40|0,00|1652|0,00||0,00|||||||||1||
|E060|2D|1|BE091310100011266946|1|1271|02012018|8451|8462|828183,66|828991,66|808,00|0,00|0,00|0,00|0,00|808,00|0,00|0,00|0,00|0,00|808,00||
|E065|5405|804,00|0,00|0,00||
|E060|2D|1|BE091310100011266946|1|1272|03012018|8464|8471|828991,66|829203,16|211,50|0,00|0,50|0,00|0,00|211,00|0,00|0,00|0,00|0,00|211,00||
|E065|5405|196,00|0,00|0,00||
|E060|2D|1|BE091310100011266946|1|1273|04012018|8472|8478|829203,16|829441,16|238,00|0,00|20,00|0,00|0,00|218,00|0,00|0,00|0,00|0,00|218,00||
|E065|5405|65,67|0,00|0,00||
|E060|2D|1|BE091310100011266946|1|1274|05012018|8479|8489|829441,16|829873,16|432,00|0,00|2,00|0,00|0,00|430,00|0,00|0,00|0,00|0,00|430,00||
|E065|5405|311,14|0,00|0,00||
|E065|6404|90,00|0,00|0,00||
|E060|2D|1|BE091310100011266946|1|1275|06012018|8491|8492|829873,16|829878,16|5,00|0,00|0,00|0,00|0,00|5,00|0,00|0,00|0,00|0,00|5,00||
|E065|5405|5,00|0,00|0,00||
|E060|2D|1|BE091310100011266946|1|1276|08012018|8494|8496|829878,16|829932,16|54,00|0,00|0,00|0,00|0,00|54,00|0,00|0,00|0,00|0,00|54,00||
|E065|5405|32,00|0,00|0,00||
|E060|2D|1|BE091310100011266946|1|1277|09012018|8498|8511|829932,16|832426,66|2494,50|0,00|16,50|0,00|0,00|2478,00|0,00|0,00|0,00|0,00|2478,00||
|E065|5405|107,79|0,00|0,00||
|E060|2D|1|BE091310100011266946|1|1278|10012018|8513|8521|832426,66|834394,66|1968,00|0,00|149,00|0,00|0,00|1819,00|0,00|0,00|0,00|0,00|1819,00||
|E065|5405|88,31|0,00|0,00||
|E065|6404|68,00|0,00|0,00||
|E060|2D|1|BE091310100011266946|1|1279|11012018|8523|8527|834394,66|834717,66|323,00|164,00|8,00|0,00|0,00|151,00|0,00|0,00|0,00|0,00|151,00||
|E065|5405|50,02|0,00|0,00||
|E060|2D|1|BE091310100011266946|1|1280|12012018|8529|8537|834717,66|835965,66|1248,00|0,00|8,00|0,00|0,00|1240,00|0,00|0,00|0,00|0,00|1240,00||
|E065|5405|571,73|0,00|0,00||
|E060|2D|1|BE091310100011266946|1|1281|13012018|8539|8542|835965,66|836235,66|270,00|0,00|0,00|0,00|0,00|270,00|0,00|0,00|0,00|0,00|270,00||
|E065|5405|80,00|0,00|0,00||
|E080|0|2D|00|02012018|804,00|0,00|0,00|0,00|0,00|SP10||804,00|804,00|0,00|0,00|0,00||
|E085|804,00|0,00|0000|804,00|0,00|0,00|0,00|0,00||
|E080|0|2D|00|03012018|196,50|0,00|0,50|0,00|0,00|SP10||196,00|196,00|0,00|0,00|0,00||
|E085|195,50|0,00|0000|196,00|0,00|0,00|0,00|0,00||
|E080|0|2D|00|04012018|71,00|0,00|5,33|0,00|0,00|SP10||65,67|65,67|0,00|0,00|0,00||
|E085|60,34|0,00|0000|65,67|0,00|0,00|0,00|0,00||
|E080|0|2D|00|05012018|401,50|0,00|0,36|0,00|0,00|SP10||401,14|401,14|0,00|0,00|0,00||
|E085|310,78|0,00|0000|311,14|0,00|0,00|0,00|0,00||
|E085|90,00|0,00|0000|90,00|0,00|0,00|0,00|0,00||
|E080|0|2D|00|06012018|5,00|0,00|0,00|0,00|0,00|SP10||5,00|5,00|0,00|0,00|0,00||
|E085|5,00|0,00|0000|5,00|0,00|0,00|0,00|0,00||
|E080|0|2D|00|08012018|32,00|0,00|0,00|0,00|0,00|SP10||32,00|32,00|0,00|0,00|0,00||
|E085|32,00|0,00|0000|32,00|0,00|0,00|0,00|0,00||
|E080|0|2D|00|09012018|113,00|0,00|5,21|0,00|0,00|SP10||107,79|107,79|0,00|0,00|0,00||
|E085|102,58|0,00|0000|107,79|0,00|0,00|0,00|0,00||
|E080|0|2D|01|10012018|158,00|0,00|1,69|0,00|0,00|SP10||156,31|156,31|0,00|0,00|0,00||
|E085|86,62|0,00|0000|88,31|0,00|0,00|0,00|0,00||
|E085|68,00|0,00|0000|68,00|0,00|0,00|0,00|0,00||
|E080|0|2D|01|11012018|51,00|0,00|0,98|0,00|0,00|SP10||50,02|50,02|0,00|0,00|0,00||
|E085|49,04|0,00|0000|50,02|0,00|0,00|0,00|0,00||
|E080|0|2D|01|12012018|577,00|0,00|5,27|0,00|0,00|SP10||571,73|571,73|0,00|0,00|0,00||
|E085|566,46|0,00|0000|571,73|0,00|0,00|0,00|0,00||
|E080|0|2D|01|13012018|80,00|0,00|0,00|0,00|0,00|SP10||80,00|80,00|0,00|0,00|0,00||
|E085|80,00|0,00|0000|80,00|0,00|0,00|0,00|0,00||
|E080|0|2D|01|15012018|190,00|0,00|10,09|0,00|0,00|SP10||179,91|179,91|0,00|0,00|0,00||
|E085|169,82|0,00|0000|179,91|0,00|0,00|0,00|0,00||
|E120|0|1|13371755000225|3518800|57|00|1||7787|29171211053630000140570010000077871000077873|26122017|02012018|EA70||1|78,88|2353|0,00||0,00||0,00|0,00||
|E120|0|1|24553329000300|3518800|57|00|1||7880|29171211053630000140570010000078801000078807|28122017|03012018|EA70||1|71,40|2353|0,00||0,00||0,00|0,00||
|E120|0|1|12760775000144|2927408|57|00|0||170166|29180111053630000140570000001701661001701662|03012018|04012018|EA70||1|44,00|1353|0,00||0,00||0,00|0,00||
|E120|0|1|12760775000144|2927408|57|00|0||170557|29180111053630000140570000001705571001705571|05012018|08012018|EA70||2|44,00|1353|0,00||0,00||0,00|0,00||
|E120|0|1|24553329000300|3518800|57|00|1||7923|29180111053630000140570010000079231000079239|03012018|09012018|EA70||1|92,78|2353|0,00||0,00||0,00|0,00||
|E120|0|1|24553329000300|3518800|57|00|1||7977|29180111053630000140570010000079771000079779|05012018|10012018|EA70||1|74,80|2353|0,00||0,00||0,00|0,00||
|E120|0|1|24553329000300|3518800|57|00|1||8023|29180111053630000140570010000080231000080232|09012018|10012018|EA70||1|168,70|2353|0,00||0,00||0,00|0,00||
|E120|0|1|24553329000300|3518800|57|00|1||7922|29180111053630000140570010000079221000079223|03012018|10012018|EA70||1|83,18|2353|0,00||0,00||0,00|0,00||
|E990|261|
|9001|0|
|9900|0000|1|
|9900|0001|1|
|9900|0005|1|
|9900|0030|1|
|9900|0100|1|
|9900|0150|70|
|9900|0990|1|
|9900|E001|1|
|9900|E020|93|
|9900|E025|108|
|9900|E060|11|
|9900|E065|13|
|9900|E080|12|
|9900|E085|14|
|9900|E120|8|
|9900|E990|1|
|9900|9001|1|
|9900|9900|20|
|9900|9990|1|
|9900|9999|1|
|9990|23|
|9999|360|
