|0000|003|0|0||01122017|31122017|BAHIA TRATORES DE JUAZEIRO LTDA - ME|11053630000140|BA|2918407||00|2|
|0001|0|
|0100|EDVALDO BUDOIA|09615002801|BA015697O6||48904170|RUA VENEZA|424||CENTRO|7436149700||budoia@contabilidadepaulista.com.br|2918407|
|0110|2||1|9|
|0140|1|BAHIA TRATORES DE JUAZEIRO LTDA - ME|11053630000140|BA|083818822|2918407|||
|0150|00043098983|SILVIO CALIANI|01058||00043098983||2907202||FAZENDA PARAISO SERRA DA PIMENTA|S/N||ZONA RURAL|
|0150|00069464537|REINALDO DE OLIVEIRA LIMA|01058||00069464537||2907202||RUA TAMBURI, PAU A PIQUE|SN||ZONA RURAL|
|0150|00225356597|JEAN CARLOS SILVA NOVAES|01058||00225356597||2930774||RUA BIRIRI|31||VILA SAO FRANCISCO|
|0150|00855109475|ROGER GONCALVES GOMES|01058||00855109475||2907202||FAZENDA ANGICAL|s/n||ZONA RURAL|
|0150|01027584845|JOSE CARLOS DA SILVA|01058||01027584845||3550308||RUA FLOR DO ESPÍRITO SANTO|630|JARDIN SANTANA|VILA JACUÍ|
|0150|01139859595|MAXSUEL SILVA MAIA|01058||01139859595||2918407||RUA 07 SETEMBRO|00||PERIMETRO IRRIGADO DE MANICOBA|
|0150|01255110511|WASHINGTON LUIZ DA SILVA|01058||01255110511||2918407||PROJETO CURACA NH-4|S/N||ZONA RURAL|
|0150|01273669000462|SECCHI AGRICOLA IMPORT. E EXPORT. LTDA|01058|01273669000462||037761072|2611101||PISNC NUCLEO 03 LOTE AGRICOLA 185|00||ZONA RURAL|
|0150|01273669001191|SECCHI AGRICOLA IMP E EXP LTDA SECCHI III|01058|01273669001191||047997044|2611101||LOTE AGRICOLA 1601|00||ZONA RURAL|
|0150|01539564533|EDINALDO PEREIRA DE SA ROCHA|01058||01539564533||2918407||POVOADO DO PICARRAO|01||ZONA RURAL|
|0150|01593417527|PATRICIO ROMAO DE MENEZES|01058||01593417527||2918407||FAZENDA CRUZ - SALITRE|S/N||ZONA RURAL|
|0150|01596844558|JADISLAN RAMOS PACHECO DE ARAUJO|01058||01596844558||2918407||TRAVESSA DA MARAVILHA|101||ALTO DA MARAVILHA|
|0150|01853307548|RAFAEL BARROS DO NASCIMETO|01058||01853307548||2918407||RUA SANTO ANTONIO|12||ZONA RURAL ( ITAMOTINGA)|
|0150|02024746403|BENEDITO DA PAIXAO RODRIGUES|01058||02024746403||2600203||SITIO BAIXA DO ENCANTADO|00|S/N|ZONA RURAL|
|0150|02065823585|JOSE HEUDER ALVES DE OLIVEIRA BEZERRA|01058||02065823585||2918407||AV. JORGE KHOURY - VILA SANTA INES|246|PROJETO MANICOBA|ZONA RURAL|
|0150|02542075530|SAMUEL LEITE PEDONE|01058||02542075530||2918407||RUA MUNDO NOVO|14||DOM TOMAZ|
|0150|02991409000142|FERRAMENTAL MAQ FERRAMENTAS E PARAFUSO|01058|02991409000142||50333187|2918407||RUA LUIZ TARQUÍNIO|S/N||JOÃO XXIII|
|0150|03043233492|GEORGEANO DOS SANTOS|01058||03043233492||2918407||QUADRA D,  12 HORTO FLORESTAL,|12||SAO GERALDO|
|0150|03070664000115|AGROPECUARIA VALE DAS UVAS LTDA|01058|03070664000115||068312067|2611101||RUA DAS PEDRINHAS S/N|KM14||SERROTE DO URUBU|
|0150|03281625000167|BOZZA JUNIOR IND E COM LTDA|01058|03281625000167||244650331113|3509502||RUA ANTÔNIO LUCHIARI|1001||DISTRITO INDUSTRIAL|
|0150|03359301315|LUIZ ALBERTO CARNEIRO|01058||03359301315||2611101||PROJETO NILO COELHO|S/N|N3|ZONA RURAL|
|0150|03416173000183|RODOMAXION TRANSPORTES LTDA ME|01058|03416173000183||582490075110|3543402||AVENIDA TICIANO MAZZETTO|320|ROD ANHANGUERA - Q|CHÁCARAS RIO PARDO|
|0150|03571344430|EDMILSON DE SOUZA TORRES|01058||03571344430||2907202||RO BR 235|1||TOPOL|
|0150|03720910407|JUCELICIO TELES DA SILVA|01058||03720910407||2611101||SITIO  SATISFEITO 2  RAJADA|00||ZONA RURAL|
|0150|03944609000107|PULVETEC MAQUINAS AGRICOLAS LTDA|01058|03944609000107||027298906|2611101||RUA PEROBA|201||JARDIM BRASILIA|
|0150|04001048493|JOAO BATISTA DA PAIXAO RODRIGUES|01058||04001048493||2600203||FAZENDA  ARIZONA MUNICIPIO DE FRANIO|00||ZONA RURAL|
|0150|04161198400|ANTONIO CLEBSON GOMES DA SILVA|01058||04161198400||2918407||LOTE 148, PROJETO SALITRE|148||ZONA RURAL|
|0150|04220135000113|TRATORVALE TRATORES DO VALE DO SAO FRANCISCO LTDA|01058|04220135000113||028097882|2611101||AVENIDA NILO COELHO|892|CS|GERCINO COELHO|
|0150|04523462000144|FORBB BRASIL IMPORTADORA LTDA|01058|04523462000144||55610463|2919207||LT VARANDAS TROPICAIS QD 2 LT 11|00|GALPAO 2|PITANGUEIRAS|
|0150|04740475000256|GVS FRUIT COMPANY LTDA|01058|04740475000256||57808039|2907202||ESTRADA PETROLINA CASA NOVA KM 65|00||ZONA RURAL|
|0150|04740475000337|GVS FRUIT COMPANY LTDA|01058|04740475000337||030233976|2608750||ESTRADA DOS VERMELHOS|00||ZONA RURAL|
|0150|04785526000266|ARA EMPREENDIMENTOS  LTDA|01058|04785526000266||030951348|2611101||RODOVIA BR-407|0|FAZENDA TERRA DO SOL|COHAB MASSANGANO|
|0150|04867992000100|METALURGICA RUSAN SAO JOAQUIM LTDA EPP|01058|04867992000100||642087387118|2611101||AVENIDA MARGINAL ESQUERDA|1730||DISTRITO INDUSTRIAL|
|0150|04899037000669|TIMBAUBA S.A|01058|04899037000669||019646828|2611101||ROD BR-122 174 NÚCLEO 11|SN|CAIXA POSTAL 123|ZONA RURAL|
|0150|04914035421|GUSTAVO DE SOUSA ALENCAR|01058||04914035421||2611101||AVENIDA DOM MALAN|110 A||ISABEL GOMES|
|0150|05211191463|RICARDO CARVALHO BARROS|01058||05211191463||2611002||AVENIDA DJALMA VANDERLEI|295||CENTRO|
|0150|05334163883|GILBERTO HONORIO|01058||05334163883||2611101||PROJ. MARIA TEREZA, LOTE E13/14, S/N|0||ZONA RURAL|
|0150|05805773503|LUCAS VITALINO CARDOSO|01058||05805773503||2918407||RUA ALAN KARINO|00||JOA XXIII|
|0150|06092428000198|MAGNOJET INDUSTRIA LTDA|01058|06092428000198||9061807230|4109708||GOV PAULO CRUZ PIMENTEL|1051||CENTRO|
|0150|06153897000412|SAO FRANCISCO RACOES INDUST E COMERCIO EIRELI|01058|06153897000412||126356313|2918407||LOTEAMENTO CENTRO INDUSTRIAL SÃO FRANCISCO|00||JOÃO PAULO II|
|0150|07147518000100|PROFER FORJARIA E USINAGEM LTDA EPP|01058|07147518000100||260153668114|3511102||RUA PAULO LOURENÇO FIGUEIREDO|126||CONJUNTO POLO COMERCIAL E INDU|
|0150|07844087000122|CEMAG CEARA MAQUINAS AGRICOLAS S A - CEMAG|01058|07844087000122||061609331|2304400||RUA RIO SOLIMOES|200||FLORESTA|
|0150|07864124534|FRANCISCO PAULINO DE OLIVEIRA|01058||07864124534||2930774||AV JOSE BALBINO DE SOUZA|SN|PRÉDIO MOSSORÓ|CENTRO|
|0150|08694543000400|VILLALVA CITRUS LTDA|01058|08694543000400||128034066|2918407||RUA DOIS|80|RUA MARANHA|ITABERABA|
|0150|09269474000108|MIRADOR IMPORTACAO E EXPORTACA LTDA|01058|09269474000108||149949361114|3550308||RUA CANUTO SARAIVA|369||MOÓCA|
|0150|09296050553|OTHON PALMEIRA DE CARVALHO|01058||09296050553||2924603||RUA FRANCISO ROCHA|339||CENTRO|
|0150|09496469000138|MGA INDUSTRIA COM MAQUINAS PECAS AGRICOLAS LTDA-ME|01058|09496469000138||181350123118|3503208||AVENIDA BRANDINA SAAVEDRA CAMPANI|187||DISTRITO INDUSTRIAL|
|0150|09575708000226|FAZENDA GLOBAL FILIAL IMP. E EXPORT LTDA|01058|09575708000226||81278536|2918407||ROD JUAZEIRO CURAÇA-KM 66 , LOTE C13|SN||TABULEIRO|
|0150|10060928468|JOAO LINO MACHADO|01058||10060928468||2918407||MANICOBA VELHA|00||ZONA RURAL|
|0150|10072055472|ANTONIO PEREIRA DOS SANTOS|01058||10072055472||2907202||FAZENDA ANGICAL, S/N|0||ZONA RURAL|
|0150|10209400420|JOSIELTON DE BRITO CRUZ|01058||10209400420||2918407||QUADRA 10|02||JARDIM PRIMAVERA|
|0150|12760775000144|RAPIDEZ CARGAS E ENCOMENDAS LTDA LTDA ME|01058|12760775000144||20851013|2927408||RUA ÁLVARO GOMES DE CASTRO|382|SALA 07|PORTO SECO PIRAJÁ|
|0150|12786836000142|AGRODAN AGROP RORIZ DANTAS LTDA|01058|12786836000142||016472373|2601607||KM28, S/N ESTRADA VICINAL BELEM IBO|0||ZONA RURAL|
|0150|12786836000304|AGRODAN AGROPECUARIA RORIZ DANTAS LTDA|01058|12786836000304||072242655|2900207||FAZ BOM JESUS DISTRITO IBO|00||ZONA RURAL|
|0150|13133227000157|COMERCIAL DE FRUTAS JERUSALEM LTDA ME|01058|13133227000157||011471998|2930204||FAZ BEIRA RIO, BREJO DE FORA|SN||ZONA RURAL|
|0150|13371755000225|NOVA GERACAO TRANSPORTES LTDA - ME|01058|13371755000225||336595790110|3518800||AVENIDA JAGUARÃO|314|GALPAO 01|CIDADE INDUSTRIAL SATÉLITE DE|
|0150|13911881000144|RAFAEL FALCAO DE OLIVEIRA SANTOS ME|01058|13911881000144||12893124|2918407||RUA TRÊS|20||ALTO DO CRUZEIRO|
|0150|14076889000286|CEDEP COMERCIO E INDUSTRIA LTDA|01058|14076889000286||04585710|2910800||AV.DEP.LUIS EDUARDO MAGALHAES KM 5255|00||LIMOEIRA|
|0150|14370908000282|CDC MAQUINAS LOGISTICA INTEGRADA LTDA|01058|14370908000282||004127826|2918407||TRAVESSA LOMANTO JÚNIOR|001||LOMANTO JÚNIOR|
|0150|16392367000138|BONFIM BATERIAS LTDA|01058|16392367000138||28702155|2918407||AVENIDA SANTOS DUMONT|168||CENTRO|
|0150|17325552491|GILBERTO ANTONIO SECCHI|01058||17325552491||2907202||ROD. PETROLINA A CASA NOVA KM 40|SN|SANTANA DO SOBRADO|ZONA RURAL, FAZ. FORTALEZA|
|0150|18283249000117|GRAND VALLE IMPORTADORA E EXPORTADORA LTDA|01058|18283249000117||109614306|2907202||RODOVIA BR 235 FAZENDA FORTALEZA 1|00||ZONA RURAL|
|0150|18352634453|ALIRIO ANTONIO DE ARAUJO|01058||18352634453||2907202||SITIO SAO JOSE, SERRA DA PIMENTA, S/N|0||ZONA RURAL|
|0150|18576674000102|FEIRA LS TRATORES IMPLEMENTOS PECAS|01058|18576674000102||110622855|2910800||AV EDUARDO FROES DA MOTA|1471||PARQUE GETULIO VARGAS|
|0150|20706111400|VALERIANO DA SILVA MORAES|01058||20706111400||2611101||PISNC, NUCLEO 07, LOTE 679|679||ZONA RURAL|
|0150|22560262568|ADEMIR RODRIGUES MOREIRA|01058||22560262568||2907202||SITIO BAIXA DO CRAVINOT|SN||ZONA RURAL|
|0150|22561781534|ANTONIO DA COSTA SANTOS|01058||22561781534||2907202||QUADRA N LOTE 8|00||LOTE 8|
|0150|23868848487|JOSE OLIVEIRA DE SOUZA|01058||23868848487||2907202||QD A, LOTE 24|24|viz loja 2 irmãos|CONJUNTO INDUSTRIAL BR|
|0150|25840061468|JOSE TORRES DOS SANTOS|01058||25840061468||2918407||FAZ. MANIÇOBA VELHA|SN||ZONA RURAL|
|0150|26995794400|DIMAS PEREIRA DE CARVALHO|01058||26995794400||2918407||PORJ. TOURAO, S/N|0||ZONA RURAL|
|0150|31238831400|ANIBAL LEONEL DE ALENCAR|01058||31238831400||2613503||PRACA JOAQUIM LEONEL PIRES ALENCAR|1||CENTRO|
|0150|34737570559|JOAO ARAUJO DE CARVALHO|01058||34737570559||2927408||RUA VALDEMAR FALCAO|64|ED VIVENDA DO HORTO|HORTO FLORESTA|
|0150|35812770506|ORLANDO JACINTO DAS  NEVES|01058||35812770506||2930204||RUA  LAURENTINO FERREIRA CAMPOS|140||CENTRO|
|0150|35895918468|JOSEVALDO LOPES DA SILVA|01058||35895918468||2918407||NH 02 RUA 03, PROJ. CURAÇA|03||ZONA RURAL|
|0150|37752030520|WALTER TERUYUKI FUJISAWA|01058||37752030520||2918407||FAZENDA MATO GROSSO|S/N|PROJ. MANIÇOBA|ZONA RURAL|
|0150|38864550410|JOAO BOSCO DO BONFIM|01058||38864550410||2918407||LOTE 178, PROJETO  MANIÇOBA|178||ZONA RURAL|
|0150|40162460597|PAULO ROMUALDO DOS SANTOS|01058||40162460597||2918407||POVOADO GOIABEIRA DO SALITRE|00||ZONA RURAL|
|0150|43204213000148|MECANICA IMPLEMAQ LTDA|01058|43204213000148||162000715118|3501301||ESTRADAD MUNICIPAL ABILIO NOTARIO KM 2 + 300M|00||BREJAO|
|0150|44551290572|JERALDO DA SILVA SOUZA|01058||44551290572||2918407||QUADRA F, LOTE 1|SN|COND COUNTRY CLUB|COUNTRY CLUB|
|0150|45127545000444|INDUSTRIAS REUNIDAS COLOMBO LTDA|01058|45127545000444||260040223111|3511102||R CLOVIS PEREIRA|830||PQ JOAQUIM LOP|
|0150|47051787420|JOSIMAR DE AMARIZ GOMES|01058||47051787420||2612604||AGROVILA 13, PROJETO FUGÊNCIO|35||ZONA RURAL|
|0150|48346640749|GILBERTO AKIRA OGATA|01058||48346640749||2611101||RUA PRESIDENTE DUTRA|360||CENTRO|
|0150|48740351002702|BRASPRESS TRANSPORTES URGENTES LTDA|01058|48740351002702||103898530|2611101||RUA ERNESTO TITO|240|CASA|VILA CAROLINA|
|0150|50371983568|JIVALDO DIAS DE SOUZA|01058||50371983568||2918407||AV. IRMÃ  DULCE|375||ALTO DA ALIANÇA|
|0150|50480162549|MARTINHO LAURINDO DOS SANTOS|01058||50480162549||2918407||ILHA DO RODEADOURO|29||JOAO PAULO II|
|0150|51924552515|ANTONIO SILVA SANTOS|01058||51924552515||2918407||RUA D|19||TANCREDO NEVES|
|0150|52311289000163|MARCHESAN IMPLS E MAQS AGRS TATU SA|01058|52311289000163||441000151114|3529302||AVENIDA MARCHESAN, 1979|1979|BAIRRO INDUSTRIAL|NOVA MATÃO|
|0150|52311347000906|BALDAN IMPLEMENTOS|01058|52311347000906||441016953110|3529302||AVENIDA BALDAN|1500|NOVA MATAO|RESIDENCIAL OLIVIO BENASSI|
|0150|55539555000106|TRANSBIA TRANSPORTES BALDAN S/A|01058|55539555000106||441012512111|3529302||AVENIDA TIRADENTES|848||CENTRO|
|0150|56392362568|SIDNEY NUNES RAMOS|01058||56392362568||2918407||RUA DA COCHUEIRINHA|13||HORTO|
|0150|56435010587|GILMAR ALVES DOS SANTOS|01058||56435010587||2918407||FAZENDA BELA VISTA|05||SALITRE|
|0150|58551243000289|AGROPECUARIA LABRUNIER LTDA|01058|58551243000289||25888766|2907202||FAZENDA SOBRADINHO, SANTANA DO SOBRADO|SN||ZONA RURAL|
|0150|58551243000440|AGROPECUARIA LABRUNIER LTDA II|01058|58551243000440||030386454|2608750||ESTRADA DOS VERMELHOS KM 14|SN||ZONA RURAL|
|0150|59260742587|GEOVANI DA SILVA MARTINS|01058||59260742587||2918407||RUA QUINTINO BOCAIÚVA|25||CENTRO|
|0150|61642711420|NILBERTO DO NASCIMENTO SILVA|01058||61642711420||2611101||PISNC N01|SN||ZONA RURAL|
|0150|62933809000123|CAMBUCI METALURGICA LTDA|01058|62933809000123||108432267111|3550308||RUA LUÍS GAMA|803|CASA|CAMBUCI|
|0150|63627396553|DJALMA RODRIGUES VALADARES|01058||63627396553||2918407||FAZENDA LAGOA DA BARAUNA,  S/N|0||ZONA RURAL|
|0150|63628104572|ARMANDO TADASHI HIRATA|01058||63628104572||2918407||LOTE C5, PROJETO CURAÇA|C5||ZONA RURAL|
|0150|65248040400|GENEILSON XAVIER|01058||65248040400||2930774||FAZENDA XAVIER AGRICOLA, S/N|0||ZONA RURAL|
|0150|66335027100|FRANCISCO JOAO DE SOUZA|01058||66335027100||2918407||PROJETO CURAÇÁ - NH3|S/N|QUADRA D, LOTE 10|ZONA RURAL|
|0150|66656583504|GILBERTO DE SOUSA MAURICIO|01058||66656583504||2918407||PROJ. CURAÇA, N-03|S/N||ZONA RURAL|
|0150|67906702549|WILSON GOMES BRAGA  JUNIOR|01058||67906702549||2926004||FAZENDA LAGOA DA PONTEIRA|00||ZONA RURAL|
|0150|69954626000133|SPECIAL FRUIT IMP. E EXP. LTDA|01058|69954626000133||44149198|2918407||ROD JUAZEIRO-CURAÇA KM 18|S/N||ZONA RURAL|
|0150|75058367068|MIGUEL CRISTIANO STREIT|01058||75058367068||2918407||RUA DA ESTACAO|89|LOTEAMENTO ALTO DA A|ALTO DA ALIANCA|
|0150|75605368400|CICERO HORTENCIO PEREIRA DA SILVA|01058||75605368400||2611606||RUA EUREM QUINTA SÃO JOSE|227|EDF PALMAS APT 5D2|SÃO MARTINS|
|0150|77310589000159|EQUAGRIL EQUIPAMENTOS AGRICOLA LTDA|01058|77310589000159||144410696117|3550308||AVENIDA SANTA MARIA|2210||VILA ALBERTINA|
|0150|77526996400|JOSE DO NASCIMENTO CRUZ|01058||77526996400||2918407||RUA DA PAZ , VILA JUCA VIANA|2||ZONA RURAL|
|0150|79202063400|JOSENILSON BARBOSA DE OLIVEIRA|01058||79202063400||2918407||RUA DAS NAÇÕES|48||DOM TOMÁS|
|0150|85598275520|CLODOALDO CARNEIRO CEDRAZ|01058||85598275520||2918407||COND COUNTRUY CLUB|SN|QD R, LOTE 2|PALMARES|
|0150|86375425000109|METISA METALURGICA TIMBOENSE S.A|01058|86375425000109||250266776|4218202||RUA FRITZ LORENZ, 2442 N, 0|0||INDUSTRIAL|
|0150|88387372404|LAUREMICIO DE CASTRO AMORIM GOMES|01058||88387372404||2907202||FAZENDA MANI|00||ZON ARURAL|
|0150|88847686000363|EBRAZ EXPORTADORA LTDA|01058|88847686000363||36808843|2918407||LOTES,  288, 290 E 294   S/N|0||ZONA RURAL|
|0150|90943759587|CESAR NEI ALVES COELHO|01058||90943759587||2918407||QUADRA F|24 A||CASTELO BRANCO|
|0150|91108918549|JOSE ANTONIO DE BARROS CAVALCANTE|01058||91108918549||2918407||PROJETO SALITRE, LOTE 68|S/N||ZONA RURAL|
|0150|91212170504|AUTENOR ALBINO DE CARVALHO|01058||91212170504||2918407||LOTE 173, NH03 - PROJETO CURAÇÁ|S/N||ZONA RURAL|
|0150|92645097553|GILBERTO FREIRE DE SA|01058||92645097553||2918407||PROJ. CURAÇA, N 1, LOTE 121|S/N||ZONA RURAL|
|0150|94700702591|VALDEIR SANTANA BEZERRA|01058||94700702591||2918407||RUA DO ALECRIM|04|COND BOSQ DOS CAJUEI|MORADA DO RIO|
|0150|96190507549|PAULO NOGUEIRA MENDES|01058||96190507549||2907202||QUADRA Q|20|CASA|VILA AZUL|
|0150|96562152000157|ENIVALDO TORRES EPP|01058|96562152000157||304037719111|3515509||AV LUIZ BRAMBATTI|2016|PQ INDUSTRIAL III|PQ INDUSTRIAL|
|0150|96832076000152|JUAGRO AGRONEGOCIO COM E REP LTDA|01058|96832076000152||37906122|2918407||AVENIDA JOÃO DURVAL CARNEIRO|70||JOÃO XXIII|
|0150|97061140500|RILDO SILVA DO SACRAMENTO|01058||97061140500||2918407||POVOADO DE PONTAL|SN||ZONA RURAL|
|0150|97719838572|MARCIO MONTEIRO DE SOUZA|01058||97719838572||2918407||PROJ. CURAÇA  NUCLEO 02, LOTE 119|15||ZONA RURAL|
|0150|97750670572|ELIAS RIBEIRO DIAS|01058||97750670572||2930204||RUA ORIENTE|101||RIACHO DOS PAES, MUNICIPIO DE SENTO-SE|
|0150|98517260520|AGUSTINHO ANTONIO DOS SANTOS|01058||98517260520||2918407||RUA SAO FRANCISCO|197||JARDIM SAO PAULO|
|0150|98995952849|JOSE RAMOS GONÇALVES GOMES|01058||98995952849||2907202||FAZ. NOSSA SENHORA DE FATIMA|SN||ZONA RURAL|
|0150|99903911572|LUCIANO DA SILVA OLIVEIRA|01058||99903911572||2918407||BEBEDOURO GRANDE, SALITRE|SN||ZONA RURAL|
|0150|99999999999|VENDA AO CONSUMIDOR|01058||99999999999||2918407||LOT. SAO JORGE DA INDEPENDENCIA|S/N||TANCREDO NEVES|
|0190|BD|balde|
|0190|CJ|conjunto|
|0190|GL|galao|
|0190|JG|jogo|
|0190|L|litro|
|0190|MT|metros|
|0190|PC|peca|
|0190|UND|unidade|
|0200|100|ANEL DO MANCAL TRAÇÃO|||PC|00|40169300||||0,00|
|0200|1002|PARAFUSO DISCO ARADO C/ PORCA|||UND|00|73181500||||0,00|
|0200|1004|PARAFUSO DO BICO SULCADOR 1/2X2|||UND|00|73181500||||0,00|
|0200|101|ROLAMENTO 6203|||PC|00|84821010||||0,00|
|0200|1013|PORCA 3/4 CHV 1.1/8|||UND|00|73181500||||0,00|
|0200|1018|ARRUELA LISA 5/8|||UND|00|73182200||||0,00|
|0200|102|ROLAMENTO 3780/3720|||PC|00|84822010||||0,00|
|0200|1024|LIMPA CARTER|||L|00|38140090||||0,00|
|0200|1028|RETENTOR DO CUBO DO ARADO|||PC|00|40169300||||0,00|
|0200|1029|RETENTOR DA RODA GUIA|||PC|00|40169300||||0,00|
|0200|1030|RETENTOR DO MANCAL A GRAXA|||PC|00|40169300||||0,00|
|0200|1033|COPO DE VIDRO|||PC|00|84219999||||0,00|
|0200|104|ROLAMENTO 48548/10|||PC|00|84822010||||0,00|
|0200|1041|LAMPADA DO PAINEL|||PC|00|85392990||||0,00|
|0200|1042|LAMPADA H3  DO FAROL|||PC|00|85392990||||0,00|
|0200|1051|BUCHA DA SEMI ARVORE|||PC|00|87089990||||0,00|
|0200|1056|ELEMENTO  DIESEL - 522564|||PC|00|84212300||||0,00|
|0200|1058|PINO 1``X110MM|||PC|00|87089990||||0,00|
|0200|1059|PINO TRAVA ( 7/16X2 )|||PC|00|87089990||||0,00|
|0200|1060|PINO TRAVA 5.5MM|||PC|00|73182400||||0,00|
|0200|1061|PINO TRAVA  9MM - 587030|||PC|00|87089990||||0,00|
|0200|1062|FILTRO LUBRIFICANTE - 71058|||PC|00|84212300||||0,00|
|0200|1071|ROLAMENTO 30207|||PC|00|84822010||||0,00|
|0200|1073|ROLAMENTO 32206 - LA5109|||PC|00|84219999||||0,00|
|0200|1080|BOMBA DE GRAXA 7 KG|||UND|00|84798999||||0,00|
|0200|1086|BOMBA HIDRAULICA L200|||PC|00|84136011||||0,00|
|0200|1087|BOMBA ALIMENTADORA|||PC|00|84133020||||0,00|
|0200|1091|JUMELO DE ENGATE|||PC|00|84329000||||0,00|
|0200|1093|CUBO DO RODA GRADÃO|||PC|00|84329000||||0,00|
|0200|1094|CALOTA DO CUBO DE RODA|||PC|00|84329000||||0,00|
|0200|1099|POLIA 3 CANAIS ( CUBO )|||PC|00|84835010||||0,00|
|0200|1101|BARRA PORTA FACAS INFERIOR|||PC|00|84329000||||0,00|
|0200|1102|PAR ROCADOR 1.50M|||PC|00|84329000||||0,00|
|0200|1104|BARRA|||PC|00|84329000||||0,00|
|0200|1105|RETENTOR (ARCA 5140)|||PC|00|40169300||||0,00|
|0200|1109|PINO CABECA FRANCESA|||PC|00|73181500||||0,00|
|0200|1112|PORCA CASTELO 1.1/2|||PC|00|73181600||||0,00|
|0200|1113|SUPORTE MENOR DO CUBO|||PC|00|84329000||||0,00|
|0200|1117|BUCHA|||PC|00|84831090||||0,00|
|0200|1118|BUCHA|||PC|00|84831090||||0,00|
|0200|1122|JOGO DE REPARO CILINDRO DO ARADO|||PC|00|40169300||||0,00|
|0200|1123|EIXO DO CUBO|||PC|00|84329000||||0,00|
|0200|1125|PAR ROCADOR 1,70MM|||PC|00|84329000||||0,00|
|0200|1128|PORCA CASTELO|||PC|00|73181600||||0,00|
|0200|1129|TRAVA DA PORCA CASTELO|||PC|00|73182900||||0,00|
|0200|1130|PARAFUSO DE FENDA|||PC|00|73181500||||0,00|
|0200|1132|PORCA CASTELO|||PC|00|73181600||||0,00|
|0200|1137|MOLA DE COMPRESSAO|||PC|00|73202090||||0,00|
|0200|1143|ESTOPA 010|||UND|00|74181100||||0,00|
|0200|1145|FILTRO LUBRIFICANTE - VALMET|||PC|00|84212300||||0,00|
|0200|1150|PINO ELASTICO|||PC|00|73182900||||0,00|
|0200|1164|PINO|||PC|00|73181900||||0,00|
|0200|1174|CARCACA PRE FILTRO|||PC|00|87089990||||0,00|
|0200|1176|MANCAL A GRAXA|||PC|00|84329000||||0,00|
|0200|1177|MANCAL DE ATRITO|||PC|00|84329000||||0,00|
|0200|1180|MAO DE OBRA TERCEIROS|||UND|09|00853650||||0,00|
|0200|1190|DISCO PLANO LISO|||PC|00|84329000||||0,00|
|0200|1192|PARAFUSO 3/4X3 MANCAL GRADE - 60203102405|||PC|00|84329000||||0,00|
|0200|1199|POLIA|||PC|00|84835010||||0,00|
|0200|1200|ROLAMENTO COMPENSADOR UC209|||PC|00|84821010||||0,00|
|0200|1202|ENCOSTO DO NUCLEO|||PC|00|84819090||||0,00|
|0200|1203|BICO 3/4|||PC|00|73259990||||0,00|
|0200|1205|CORPO DO SUPORTE|||PC|00|84249090||||0,00|
|0200|1206|REGISTRO PARA BICO - M274/4|||PC|00|84812090||||0,00|
|0200|1209|CONECTOR|||PC|00|39174090||||0,00|
|0200|1210|POLIA ESTICADORA|||PC|00|84835010||||0,00|
|0200|1211|LUVA ELASTICA|||PC|00|84839000||||0,00|
|0200|1216|SEDE DE VALVULA|||PC|00|84819090||||0,00|
|0200|1218|PALHETA REGULAVEL|||PC|00|84249090||||0,00|
|0200|1220|RETENTOR|||PC|00|40169300||||0,00|
|0200|1221|ANEL DE APERTO|||PC|00|84839000||||0,00|
|0200|1222|CUBO|||PC|00|84249090||||0,00|
|0200|1225|CHAVETA|||PC|00|73182400||||0,00|
|0200|1226|TAMPAO|||PC|00|39235000||||0,00|
|0200|1230|POLIA ESTICADORA|||PC|00|84835090||||0,00|
|0200|1234|FILTRO - M506/5|||PC|00|84219999||||0,00|
|0200|1235|EIXO|||PC|00|84831090||||0,00|
|0200|1240|FILTRO HIDRAULICO|||PC|00|84212990||||0,00|
|0200|1241|PORTA ESCOVA|||PC|00|87089990||||0,00|
|0200|1251|FUSIVEL ENCAIXE 20A|||PC|00|85361000||||0,00|
|0200|1267|COLETOR DE ESCAPE|||PC|00|84099915||||0,00|
|0200|1269|VARETA DA TAMPA DO LEVANTE HIDRAULICO|||PC|00|87089990||||0,00|
|0200|1271|GRAXEIRA 3/8 RETA|||PC|00|84879000||||0,00|
|0200|1292|CAPA PROTETORA|||PC|00|40169300||||0,00|
|0200|1293|BUCHA DA COLUNA DIRECAO|||PC|00|40169300||||0,00|
|0200|1298|PORCA PARLOCK|||PC|00|73181600||||0,00|
|0200|1307|BICO JA-2 PRETO|||PC|00|84249090||||0,00|
|0200|131|ROLAMENTO 32206A|||PC|00|84822010||||0,00|
|0200|1312|BRACO NIVELADOR|||PC|00|87089990||||0,00|
|0200|1313|COTOVELO 1.1/4|||PC|00|73079200||||0,00|
|0200|1314|JUNTA DO ESCAPE|||PC|00|84842000||||0,00|
|0200|1322|ANEL DE CERAMICA|||PC|00|69099000||||0,00|
|0200|1326|FAROL TRASEIRO|||PC|00|85122011||||0,00|
|0200|1330|BARRA DIRECAO LD - VALMET|||PC|00|87089412||||0,00|
|0200|1334|ANEL GUIA|||PC|00|39081029||||0,00|
|0200|134|ROLAMENTO 32208|||PC|00|84822010||||0,00|
|0200|1345|BICO ACOPLADOR|||PC|00|84799090||||0,00|
|0200|1355|DISCO DE ARADO 28 X6|||PC|00|84329000||||0,00|
|0200|1356|DISCO RECORTADO DE GRADE 28 X 6|||PC|00|84329000||||0,00|
|0200|1365|MANGUEIRA 3/4|||PC|00|39173900||||0,00|
|0200|137|ROLAMENTO LA5115|||PC|00|84822010||||0,00|
|0200|1382|RETENTOR DA TRAÇAO|||PC|00|40169300||||0,00|
|0200|1386|BUCHA|||PC|00|39269090||||0,00|
|0200|1387|VEDACAO|||PC|00|39269090||||0,00|
|0200|1388|MANCAL FLANGE|||PC|00|84832000||||0,00|
|0200|1389|ROLAMENTO AUTO COMPENSADOR|||PC|00|84821010||||0,00|
|0200|1390|PORCA DE ACO|||PC|00|73181600||||0,00|
|0200|1393|DISCO 70|||PC|00|84249090||||0,00|
|0200|1394|CUBO DE ENGATE|||PC|00|84839000||||0,00|
|0200|1398|ARRUELA GUIA|||PC|00|73182100||||0,00|
|0200|1399|EIXO|||PC|00|84831090||||0,00|
|0200|140|ROLAMENTO 32212A|||PC|00|84822010||||0,00|
|0200|1402|FILTRO DO HIDRAULICO|||PC|00|84219999||||0,00|
|0200|1403|FILTRO LUBRIFICANTE - 1909102|||PC|00|84212300||||0,00|
|0200|1409|PARAFUSO CILINDRO DIRECAO|||PC|00|73181500||||0,00|
|0200|141|TAMPA DE VALVULA|||PC|00|84139190||||0,00|
|0200|1415|ABRACADEIRA LARGA 22X32 ( 423814)|||PC|00|73261900||||0,00|
|0200|1416|BICO DE ENGATE 3/4|||PC|00|84329000||||0,00|
|0200|1419|ABRACADEIRA LARGA 25X35 ( 330969 )|||PC|00|73261900||||0,00|
|0200|1421|ABRACADEIRA LARGA 38 X 51 ( 490802 )|||PC|00|73261900||||0,00|
|0200|1424|ABRACADEIRA LARGA 51X64 ( 490804 )|||PC|00|73261900||||0,00|
|0200|1427|ABRACADEIRA LARGA 83 X 102|||PC|00|73261900||||0,00|
|0200|1429|ABRACADEIRA LARGA 102 X 121 ( 3468400 )|||PC|00|73261900||||0,00|
|0200|143|ROLAMENTO 30207A|||PC|00|84822010||||0,00|
|0200|1430|COLA SILICONE PRETA|||PC|00|73261900||||0,00|
|0200|1431|COLA SILICONE PRETA WURTH|||PC|00|73261900||||0,00|
|0200|1432|TRAVA ROSCA|||PC|00|73261900||||0,00|
|0200|1438|SILENCIOSO MF 275|||PC|00|87089200||||0,00|
|0200|1441|BANCO RETO - 3149999|||PC|00|94012000||||0,00|
|0200|1460|ROLAMENTO|||PC|00|84821010||||0,00|
|0200|1466|TERMINAL FURO REDONDO|||PC|00|84839000||||0,00|
|0200|1468|TERMINAL ENTALHADO|||PC|00|84839000||||0,00|
|0200|1492|ROLAMENTO|||PC|00|84822090||||0,00|
|0200|1500|BATERIA 100 AMPERES|||UND|00|85071090||||0,00|
|0200|1525|PORCA|||PC|00|73181600||||0,00|
|0200|153|ROLAMENTO 32208 - LA5113|||PC|00|84822010||||0,00|
|0200|1533|CALOTA C/SEXTAVADO DA RODA GUIA|||PC|00|84329000||||0,00|
|0200|1537|ANEL DE RETENCAO|||PC|00|73182900||||0,00|
|0200|1539|EIXO DE UNIAO DO SUPORTE INFERIOR|||PC|00|84322900||||0,00|
|0200|154|ROLAMENTO 32210A|||PC|00|84822090||||0,00|
|0200|1542|CHAPA DA UNIAO DO SUPORTE|||PC|00|84329000||||0,00|
|0200|1547|TRAVA DA PORCA DO EIXO|||PC|00|73182900||||0,00|
|0200|1552|ABRACADEIRA PLASTICA 20CM|||PC|00|39219090||||0,00|
|0200|1556|LAMPADA 2 POLOS DESIGUAIS|||PC|00|85392910||||0,00|
|0200|1558|LAMPADA H5  BIODO REDONDA|||PC|00|85392110||||0,00|
|0200|1561|INTERRUPTOR DE PARTIDA|||PC|00|39219090||||0,00|
|0200|1564|RELE AUXILIAR|||PC|00|85364100||||0,00|
|0200|1565|RELE PARTIDA 40A 12V|||PC|00|85364100||||0,00|
|0200|1589|FILTRO DE AR EXTERNO|||PC|00|84219999||||0,00|
|0200|1603|INTERRUPTOR FAROL ALTO|||PC|00|87089990||||0,00|
|0200|1606|VALVULA FILTRO AR - 80061100|||PC|00|40169300||||0,00|
|0200|1626|BICO CONEXAO CURVO|||PC|00|74122000||||0,00|
|0200|1630|ANEL DE RETENCAO|||PC|00|73182900||||0,00|
|0200|1633|PORCA CASTELO 1.1/8|||PC|00|73181600||||0,00|
|0200|1639|FILTRO COM VALVULA - M693|||PC|00|84219999||||0,00|
|0200|1642|ANEL|||PC|00|73182900||||0,00|
|0200|1649|BICO DA CONEXAO|||PC|00|74112190||||0,00|
|0200|1652|LUVA|||PC|00|87089990||||0,00|
|0200|1659|COMANDO DO FREIO|||PC|00|87089412||||0,00|
|0200|1669|ANEL|||PC|00|40169300||||0,00|
|0200|1675|CAPA P/ TERMINAL|||PC|00|40169300||||0,00|
|0200|1678|PARAFUSO DO CUBO|||PC|00|73181500||||0,00|
|0200|1679|ARRUELA|||PC|00|73182200||||0,00|
|0200|168|FILTRO LUBRIFICANTE|||PC|00|84212300||||0,00|
|0200|1682|FILTRO LUBRIFICANTE - 836647133|||PC|00|84212300||||0,00|
|0200|1694|BICO ENGATE MACHO 1/2|||PC|00|84818096||||0,00|
|0200|1700|BICO SULCADOR|||PC|00|84329000||||0,00|
|0200|1726|MAO DE OBRA|||UND|09|00853650||||0,00|
|0200|1745|FILTRO LUBRIFICANTE|||PC|00|84212300||||0,00|
|0200|1750|REVISAO DE 100 HORAS|||UND|09|00853650||||0,00|
|0200|1751|REVISAO 250 HORAS|||UND|09|00853650||||0,00|
|0200|1753|ANEL|||PC|00|40169300||||0,00|
|0200|176|PAR ROCADOR 1.70M|||PC|00|84329000||||0,00|
|0200|1760|DISCO BATENTE|||PC|00|73182200||||0,00|
|0200|1767|RETENTOR DO CUBO|||PC|00|40169300||||0,00|
|0200|1779|CAPA DO CARDAN DIANTEIRO|||PC|00|84329000||||0,00|
|0200|1780|BUCHA DO EIXO DA BOMBA|||PC|00|84329000||||0,00|
|0200|1797|CORREIA HY T 3VX600|||PC|00|40103400||||0,00|
|0200|180|SHELL WBF 100 BALDE 20 L|||BD|00|27101932||||0,00|
|0200|181|PARAFUSO ROCADORES|||PC|00|84329000||||0,00|
|0200|183|SHELL WBF 100 GALAO 4 L|||GL|00|27101932||||0,00|
|0200|1842|FILTRO HIDRAULICO|||PC|00|84212990||||0,00|
|0200|1846|RETENTOR|||PC|00|40169300||||0,00|
|0200|1861|CORREIA|||PC|00|40103200||||0,00|
|0200|1862|MANCAL|||PC|00|84833090||||0,00|
|0200|1873|ANEL MILIMETRO ( VERMELHA )|||PC|00|40169300||||0,00|
|0200|1874|ANEL  POLEGADA 0880035|||PC|00|40169300||||0,00|
|0200|1875|OLEO DE FREIO|||PC|00|38190000||||0,00|
|0200|1878|GALAO INFERIOR|||PC|00|40091100||||0,00|
|0200|1879|GRADE FRONTAL LINHA 4200|||PC|00|87082919||||0,00|
|0200|1880|PAR ROCADOR CORTE DUPLO|||PC|00|84329000||||0,00|
|0200|1887|PRENDEDOR|||PC|00|84329000||||0,00|
|0200|1895|PORCA CASTELO|||PC|00|73181600||||0,00|
|0200|1898|BUCHA ESPACADORA|||PC|00|73182900||||0,00|
|0200|190|SHELL RIMULA RT4 X 15 W 40 BALDE 20 L|||BD|00|27101932||||0,00|
|0200|1901|CORREIA B42|||PC|00|40103200||||0,00|
|0200|1903|CORREIA - A35|||PC|00|40103300||||0,00|
|0200|1915|RETENTOR|||PC|00|40169300||||0,00|
|0200|1925|RAMAL ESQUERDO DOS BICOS|||PC|00|84249090||||0,00|
|0200|1937|CRUZETA|||PC|00|87085099||||0,00|
|0200|1938|TERMINAL ENGATE RAPIDO|||PC|00|84839000||||0,00|
|0200|1940|TUBO TRIANGULAR FEMEA|||PC|00|73069090||||0,00|
|0200|1941|TUBO TRIANGULAR MACHO|||PC|00|73069090||||0,00|
|0200|1951|TECLA INDICADORA DIRECAO COBO|||PC|00|85365090||||0,00|
|0200|1952|TECLA PISCA ALERTA COBO|||PC|00|85365090||||0,00|
|0200|1975|CHAPA - 81697900 / 81696000|||PC|00|87089990||||0,00|
|0200|1978|DISCO DA EMBREAGEM ESTRIA FINA|||PC|00|87089300||||0,00|
|0200|1980|FAROL RETANGULAR S/L|||PC|00|85122011||||0,00|
|0200|199|PORCA|||PC|00|73181600||||0,00|
|0200|1994|ARTICULACAO DAS BARRAS|||PC|00|87089412||||0,00|
|0200|201|TAMPAO - 85388100|||PC|00|39269090||||0,00|
|0200|2014|REVISAO 2000 HORAS|||UND|09|00853650||||0,00|
|0200|2015|DISCO RECORTADO BALDAN 20 X 4,5|||PC|00|84329000||||0,00|
|0200|2024|TUBO|||PC|00|84099990||||0,00|
|0200|2042|GUARDA PO DA ARTICULACAO|||PC|00|40069000||||0,00|
|0200|2051|LIMPADOR DIANTEIRO|||PC|00|84329000||||0,00|
|0200|2053|LIMPADOR TRASEIRO|||PC|00|84329000||||0,00|
|0200|2064|ANEL DE VEDACAO|||PC|00|40169300||||0,00|
|0200|2065|BICO DE 1/2|||PC|00|74122000||||0,00|
|0200|207|FILTRO DE AR EXTERNO|||PC|00|84219999||||0,00|
|0200|2099|BICO SUBSOLADOR REFORCADO|||PC|00|84329000||||0,00|
|0200|2109|VEDACAO|||PC|00|39269090||||0,00|
|0200|2110|CORREIA TRAP SUPER HC|||PC|00|40103400||||0,00|
|0200|2111|CLIP P/MANGUEIRA|||PC|00|39269090||||0,00|
|0200|2112|ROLAMENTO|||PC|00|84822010||||0,00|
|0200|2132|DISCO FRICCAO - 139,0X82,0X5,0 / 019308-0|||PC|00|68138910||||0,00|
|0200|2133|DISCO FRICCAO - 139,0X59,0X5,0 / 073520-7|||PC|00|68138910||||0,00|
|0200|2136|ARRUELA DE PRESSÃO 1/2|||PC|00|73182100||||0,00|
|0200|2137|PARAFUSO SEXTAVADO 1/2 X 1.1/4|||PC|00|73181500||||0,00|
|0200|2145|CORREIA|||PC|00|87089990||||0,00|
|0200|2146|FILTRO BICO MALHA 50 - M142/1|||PC|00|84249090||||0,00|
|0200|215|FILTRO COMBUSTIVEL - 81248200|||PC|00|84212990||||0,00|
|0200|216|REPARO DAS CAMARAS|||PC|00|84814000||||0,00|
|0200|217|CRUZETA  CC36|||PC|00|87085099||||0,00|
|0200|2171|RETENTOR DO FLANGE DA CAIXA|||PC|00|40169300||||0,00|
|0200|2178|ABRACADEIRA ( 14X22 ) 107664|||PC|00|73269090||||0,00|
|0200|2179|ABRACADEIRA ( 12X16 ) 063370|||PC|00|73269090||||0,00|
|0200|2186|BOMBA DAGUA COM POLIA|||PC|00|84133090||||0,00|
|0200|2223|DISCO ARADO RECORTADO|||PC|00|84329000||||0,00|
|0200|2224|DISCO ARADO LISO 30|||PC|00|84329000||||0,00|
|0200|2229|VIRABREQUIM|||PC|00|84831019||||0,00|
|0200|223|TERMINAL ENGATE RAPIDO|||PC|00|84839000||||0,00|
|0200|2239|JUNTA|||PC|00|40169300||||0,00|
|0200|225|TERMINAL FURO RODONDO|||PC|00|84839000||||0,00|
|0200|2254|FILTRO DO COMBUSTIVEL|||PC|00|84219999||||0,00|
|0200|2259|CILINDRO|||PC|00|84819090||||0,00|
|0200|2260|BOIA|||PC|00|39269090||||0,00|
|0200|2263|PARAFUSO COM VOLANTE|||PC|00|73181900||||0,00|
|0200|2264|BICO CONEXAO CURVO|||PC|00|84329000||||0,00|
|0200|227|CRUZETA CC04|||PC|00|87085099||||0,00|
|0200|2282|BRACO NIVELADOR|||PC|00|87089990||||0,00|
|0200|2293|MANGUEIRA 3/4|||PC|00|40092190||||0,00|
|0200|230|TUBO QUADRADO|||PC|00|73069090||||0,00|
|0200|231|BARRA QUADRADA|||PC|00|72155000||||0,00|
|0200|2312|RETENTOR|||PC|00|40169300||||0,00|
|0200|2318|ANEL|||PC|00|87089990||||0,00|
|0200|2325|CABECOTE|||PC|00|84139190||||0,00|
|0200|2348|COTOVELO|||PC|00|87089990||||0,00|
|0200|235|TERMINAL FURO QUADRADO|||PC|00|84839000||||0,00|
|0200|2352|KIT PISTAO|||UND|00|84329000||||0,00|
|0200|237|PINO ENGATE RAPIDO|||PC|00|73182900||||0,00|
|0200|2371|ANEL SILICONE|||PC|00|40169300||||0,00|
|0200|2378|POLIA|||PC|00|84835010||||0,00|
|0200|2389|TAMPA|||PC|00|84329000||||0,00|
|0200|2391|ANEL DE RETENCAO|||PC|00|73182900||||0,00|
|0200|2396|PARAFUSO DO GARFO|||PC|00|73181500||||0,00|
|0200|2397|GRAMPO 4,5 X 75MM|||PC|00|84329000||||0,00|
|0200|2398|EIXO DA TDF|||PC|00|87089990||||0,00|
|0200|240|CJ NIVELADOR|||PC|00|87089990||||0,00|
|0200|2427|ANEL|||PC|00|40169300||||0,00|
|0200|2431|ALAVANCA|||PC|00|84819090||||0,00|
|0200|2433|ARRUELA PRESSAO 08MM|||PC|00|73182100||||0,00|
|0200|2445|BARRA  RETA - 3604908|||PC|00|87089412||||0,00|
|0200|2454|TAMPA OLEO|||PC|00|87089990||||0,00|
|0200|2509|ARRUELA|||PC|00|73182100||||0,00|
|0200|2510|PORCA 355565|||PC|00|73181600||||0,00|
|0200|2515|CHAVETA|||PC|00|73182400||||0,00|
|0200|2530|BOMBA DAGUA SEM POLIA|||PC|00|84133090||||0,00|
|0200|2547|CANO|||PC|00|84099999||||0,00|
|0200|2549|COTOVELO 3/4 X 1/2|||PC|00|39174090||||0,00|
|0200|2562|ARRUELA|||PC|00|73182100||||0,00|
|0200|2563|ARRUELA|||PC|00|73182200||||0,00|
|0200|259|PINO ELASTICO 10 X 85|||PC|00|73182900||||0,00|
|0200|2610|DISCO EMBREAGEM|||PC|00|87089300||||0,00|
|0200|2620|PINO ENGATE SEM ARGOLA|||PC|00|84329000||||0,00|
|0200|2621|PARAFUSO FACA ROCADEIRA|||PC|00|84329000||||0,00|
|0200|2625|ROLAMENTO - 30208 - VALMET|||PC|00|84822010||||0,00|
|0200|2651|ANEL - VALMET|||PC|00|40169300||||0,00|
|0200|2652|YPF GRAXA ROLAMENTO 62 BD 20 KG|||BD|00|27109900||||0,00|
|0200|2654|YPF HIDRO 19 20LT|||BD|00|27101932||||0,00|
|0200|2659|RETENTOR - VALMET|||PC|00|40169300||||0,00|
|0200|267|TERMINAL FURO QUADRADO|||PC|00|84839000||||0,00|
|0200|2699|ANEL|||PC|00|40169300||||0,00|
|0200|270|TERMINAL ENGATE RAPIDO|||PC|00|84839000||||0,00|
|0200|2700|ARRUELA LISA - 707570|||PC|00|73182200||||0,00|
|0200|2706|SEDE VALVULA|||PC|00|84219999||||0,00|
|0200|2715|ARRUELA|||PC|00|74152100||||0,00|
|0200|2720|FILTRO COMBUSTIVEL|||PC|00|84212990||||0,00|
|0200|2730|PARAFUSO 1/4 X 3/4|||PC|00|73181500||||0,00|
|0200|274|TERMINAL FURO QUADRADO|||PC|00|84839000||||0,00|
|0200|2756|ANEL DE VEDACAO|||PC|00|40169300||||0,00|
|0200|277|TUBO QUADRADO FEMIA|||PC|00|73069090||||0,00|
|0200|2771|DESINGRIPANTE 300ML|||PC|00|38249041||||0,00|
|0200|2785|TERMINAL BARRA RETO|||PC|00|87089412||||0,00|
|0200|2788|TERMINAL|||PC|00|87089412||||0,00|
|0200|279|BARRA QUADRADA|||PC|00|72155000||||0,00|
|0200|2792|BRACO TERCEIRO PONTO|||PC|00|87089990||||0,00|
|0200|2800|LUBRAX 90 1L|||PC|00|27101932||||0,00|
|0200|2810|FILTRO PSL123  - VALMET|||PC|00|84212300||||0,00|
|0200|282|TERMINAL FURO QUADRADO|||PC|00|84839000||||0,00|
|0200|2820|PARAFUSO|||PC|00|73181500||||0,00|
|0200|2821|PORCA|||PC|00|73181600||||0,00|
|0200|2823|ROTULA|||PC|00|87089990||||0,00|
|0200|2867|FILTRO LUBRIFICANTE - PSL338|||PC|00|84212300||||0,00|
|0200|2884|PARAFUSO|||PC|00|73181500||||0,00|
|0200|292|ROLAMENTO DE ROLOS|||PC|00|84825010||||0,00|
|0200|2928|TOMADA ETE 7090 - B|||PC|00|85119000||||0,00|
|0200|2936|TUBO|||PC|00|84099999||||0,00|
|0200|2943|DISCO PLANO LISO|||PC|00|84329000||||0,00|
|0200|2948|LAMPADA H4|||PC|00|85392110||||0,00|
|0200|2983|PARAFUSO|||PC|00|73181500||||0,00|
|0200|299|PARAFUSO ALAV. EMBREAGEM|||PC|00|73181500||||0,00|
|0200|2997|LUBRAX EXTRA TURBO 15W40 20L|||BD|00|27101932||||0,00|
|0200|300|CRUZETA CW200|||PC|00|87085099||||0,00|
|0200|3001|POLIA|||PC|00|84835010||||0,00|
|0200|3006|NIPLE DUPLO|||PC|00|73079900||||0,00|
|0200|3007|REPARO EMBREAGEM MOLA VERMELHA|||JG|00|73259910||||0,00|
|0200|3053|FILTRO DE AR INTERNO|||UND|00|84219999||||0,00|
|0200|3054|FILTRO DE AR EXTERNO|||UND|00|84219999||||0,00|
|0200|3097|PRISIONERO DE ACO CARTER|||PC|00|73181500||||0,00|
|0200|314|TERMINAL FURO OVAL|||PC|00|84839000||||0,00|
|0200|3140|JUNTA|||PC|00|45049000||||0,00|
|0200|3145|LUBRAX EXTRA TURBO 15W40 3L|||GL|00|27101932||||0,00|
|0200|3146|LUBRAX THF11 20L|||BD|00|27101992||||0,00|
|0200|3147|LUBRAX THF11 3L|||PC|00|27101992||||0,00|
|0200|3167|TOLDO MF|||UND|00|87082999||||0,00|
|0200|3184|FUSIVEL|||PC|00|85361000||||0,00|
|0200|3189|LUBRAX EXTRA TURBO 15W40 1L|||L|00|27101932||||0,00|
|0200|319|CORPO DA BB. 3148762|||PC|00|84136011||||0,00|
|0200|3197|PROTECAO COMPLETA|||PC|00|84839000||||0,00|
|0200|320|FILTRO HIDRAULICO|||PC|00|84212990||||0,00|
|0200|3217|RETENTOR DA FLANGE|||PC|00|40169300||||0,00|
|0200|322|ENGATE RAPIDO|||PC|00|84818096||||0,00|
|0200|3224|VALVULA BOMBA|||PC|00|84814000||||0,00|
|0200|3236|BRACO TELESCOPIO|||PC|00|87089990||||0,00|
|0200|324|HASTE DE ACIONAMENTO|||PC|00|84249010||||0,00|
|0200|326|REPARO ENGATE 3772942|||PC|00|40169300||||0,00|
|0200|3273|CABECOTE BOMBA JP-75|||PC|00|84139190||||0,00|
|0200|328|ALAVANCA|||PC|00|84819090||||0,00|
|0200|329|ENGATE RAPIDO - 190901|||PC|00|84329000||||0,00|
|0200|3296|ROCADEIRA 1,50M TRANSMISSAO C/ CORREIA|||UND|00|84328000||||0,00|
|0200|3297|ROCADEIRA 1,70M TRANSMISSAO C/ CORREIA|||UND|00|84328000||||0,00|
|0200|3300|DISCO EMBREAGEM - VALMET 218090|||PC|00|87089300||||0,00|
|0200|332|ALAVANCA|||PC|00|84819090||||0,00|
|0200|3325|ARRUELA|||PC|00|74152100||||0,00|
|0200|3334|PARAFUSO 3/8 X 1/2|||PC|00|73181500||||0,00|
|0200|3335|VEDACAO 5 X 15 X 1370|||PC|00|40169300||||0,00|
|0200|3336|PARAFUSO|||PC|00|73181500||||0,00|
|0200|3337|PARAFUSO|||PC|00|73181900||||0,00|
|0200|3347|PRISIONEIRO ACO|||UND|00|73181500||||0,00|
|0200|3354|JUNTA TAMPA DA CAIXA - 36813137|||UND|00|84842000||||0,00|
|0200|3358|RETENTOR DUPLO DO FREIO|||PC|00|40169300||||0,00|
|0200|336|ENCOSTO|||PC|00|39269090||||0,00|
|0200|3366|LUBRAX ATF TA 1LT|||UND|00|27101992||||0,00|
|0200|3386|ROLAMENTO - VALMET|||PC|00|84821010||||0,00|
|0200|3390|PORCA R. DIANTEIRA ( 586160 ) - VALMET|||PC|00|73181600||||0,00|
|0200|3431|ARRUELA LISA|||PC|00|87089990||||0,00|
|0200|3443|ROLAMENTO COLAR|||PC|00|87089300||||0,00|
|0200|345| CALCO|||PC|00|84819090||||0,00|
|0200|3455|BOMBA HIDRAULICA|||PC|00|84136011||||0,00|
|0200|3494|BOMBA ALIMENTADORA|||UND|00|84133020||||0,00|
|0200|3496|JOGO DE JUNTAS|||UND|00|84849000||||0,00|
|0200|3517|BUZINA|||PC|00|85123000||||0,00|
|0200|3522|PAR ROCADOR|||PC|00|84329000||||0,00|
|0200|3529|ANEL ELASTICO|||PC|00|73182900||||0,00|
|0200|3534|GRAMPO|||PC|00|73182900||||0,00|
|0200|3539|PINO - 1X110MM  VALMET|||PC|00|87089990||||0,00|
|0200|355|ANEL DE VEDACAO|||PC|00|40169300||||0,00|
|0200|3591|TUBO DE COMBUSTIVEL|||UND|00|84099999||||0,00|
|0200|361|RETENTOR  CUBO - 81331000|||PC|00|40169300||||0,00|
|0200|3610|ROCADEIRA 1,70M TRANS. DIREITA|||UND|00|84328000||||0,00|
|0200|3630|VEDACAO|||PC|00|40169300||||0,00|
|0200|3631|VALVULA|||PC|00|84219999||||0,00|
|0200|3636|ROLAMENTO|||PC|00|84821090||||0,00|
|0200|3638|BICO DE 1/2|||PC|00|74122000||||0,00|
|0200|3644|RETENTOR|||UND|00|40169300||||0,00|
|0200|3648|CHAVETA|||UND|00|73182400||||0,00|
|0200|368|BOMBA ALIMENTADORA|||PC|00|84133090||||0,00|
|0200|369|ANEL|||PC|00|40169300||||0,00|
|0200|3714|MANGUEIRA|||MT|00|40092190||||0,00|
|0200|372|ANEL JACTO|||PC|00|40169300||||0,00|
|0200|3743|PARAFUSO 82128300 - VALMET|||PC|00|73181900||||0,00|
|0200|375|SOLENOIDE - 81077300|||PC|00|85059080||||0,00|
|0200|3758|BOMBA ALIMENTADORA|||PC|00|84133090||||0,00|
|0200|376|ANEL JACTO|||PC|00|40169300||||0,00|
|0200|3760|BUCHA EIXO|||PC|00|84833090||||0,00|
|0200|3788|PINO|||PC|00|87089990||||0,00|
|0200|379|ANEL DE VEDACAO|||PC|00|40169300||||0,00|
|0200|3791|PORCA|||PC|00|73181600||||0,00|
|0200|380|SUPLEMENTO P MANOMETRO|||PC|00|74122000||||0,00|
|0200|3800|ROLAMENTO - 717173|||UND|00|84822010||||0,00|
|0200|3836|CALCO DO EIXO  T.D.F - VALMET|||PC|00|73182200||||0,00|
|0200|3848|BICO|||PC|00|74122000||||0,00|
|0200|3851|CAMISA JP-150|||PC|00|69091990||||0,00|
|0200|3858|EIXO|||PC|00|87089990||||0,00|
|0200|3874|INDUZIDO WAPSA|||UND|00|85119000||||0,00|
|0200|389|PINO DA BARRA|||PC|00|73182400||||0,00|
|0200|3922|PONTEIRA  ENTALHADA - 13 ESTRIAS|||PC|00|73071920||||0,00|
|0200|394|BRACO NIVELADOR ESQ.|||PC|00|87089990||||0,00|
|0200|3955|ANEL|||PC|00|39269090||||0,00|
|0200|396|GARFO FORJADO|||PC|00|87084090||||0,00|
|0200|4000|MEXEDOR|||PC|00|84249090||||0,00|
|0200|4013|BICO|||PC|00|39174090||||0,00|
|0200|4042|ABRACADEIRA 4,8MM X 390|||PC|00|39269090||||0,00|
|0200|407|BRACO NIVELADOR|||PC|00|87089990||||0,00|
|0200|4078|TUBO|||PC|00|87089990||||0,00|
|0200|4115|VENTILADOR LATA|||PC|00|84149020||||0,00|
|0200|4120|ARRUELA|||PC|00|73182200||||0,00|
|0200|4159|BOMBA D AGUA COM POLIA|||PC|00|84133090||||0,00|
|0200|416|PINO ELASTICO|||PC|00|73182900||||0,00|
|0200|4190|ROLETE|||PC|00|84829190||||0,00|
|0200|4221|LAMPADA|||UND|00|85119000||||0,00|
|0200|4223|ALCA DE MIRA|||UND|00|87089990||||0,00|
|0200|4255|BUCHA|||PC|00|85119000||||0,00|
|0200|4261|AUTOMATICO|||UND|00|85119000||||0,00|
|0200|4262|PORTA ESCOVA|||UND|00|85119000||||0,00|
|0200|4337|PORCA|||PC|00|73181600||||0,00|
|0200|4405|VALVULA|||PC|00|84818099||||0,00|
|0200|4412|ARRUELA LISA|||PC|00|74152100||||0,00|
|0200|4455|TUBO ESTABILIZADOR|||PC|00|87089990||||0,00|
|0200|446|ANEL DO EMBOLO|||PC|00|84314929||||0,00|
|0200|4464|ABRACADEIRA|||PC|00|84329000||||0,00|
|0200|448|REPARO COMP HIDRAULICO|||PC|00|40169300||||0,00|
|0200|4487|TERMINAL|||PC|00|85119000||||0,00|
|0200|4490|FITA ISOLANTE|||UND|00|39191000||||0,00|
|0200|4544|APOIO DESLIZANTE - VALMET|||PC|00|39081029||||0,00|
|0200|4547|ANEL O - VALMET|||PC|00|40169300||||0,00|
|0200|4587|MANCAL DE ATRITO|||PC|00|84339090||||0,00|
|0200|4588|PORCA|||PC|00|73181600||||0,00|
|0200|4589|FILTRO OLEO MOTOR U60|PSL561.||PC|00|84212300||||0,00|
|0200|459|CUBO ENTALHADO C PINO|||PC|00|84839000||||0,00|
|0200|4590|FILTRO COMBUSTIVEL|||PC|00|84212990||||0,00|
|0200|4595|BICO CONEXAO|||PC|00|74122000||||0,00|
|0200|4596|TAMPA DAS VALVULAS|||PC|00|84139190||||0,00|
|0200|464|FAROL DE SERVICO - 81809600|||PC|00|85122011||||0,00|
|0200|4643|COTOVELO|||PC|00|39174090||||0,00|
|0200|465|LANTERNA TRASEIRA|||PC|00|85122011||||0,00|
|0200|4667|PORCA|||PC|00|73181600||||0,00|
|0200|467|FLEXIVEL DO TANQUE|||PC|00|87089990||||0,00|
|0200|4691|TERMINAL BATERIA|||PC|00|85079090||||0,00|
|0200|4697|PARAFUSO|||PC|00|84329000||||0,00|
|0200|470|JOGO DE REPARO - 117952|||PC|00|84819090||||0,00|
|0200|471|FILTRO DE AR INTERNO|||PC|00|84219999||||0,00|
|0200|472|CUPILHA 5 / 32 X 2.1 / 2|||PC|00|73182400||||0,00|
|0200|4724|RELE DE PISCA|||PC|00|85364100||||0,00|
|0200|4725|RELE AUXILIAR 4 SAIDAS|||PC|00|85364100||||0,00|
|0200|474|CUPILHA 3/16 X 3.1/2|||PC|00|73182400||||0,00|
|0200|4747|CONECTOR|||UND|00|85119000||||0,00|
|0200|475|CUPILHA 5/32 - JE3108|||PC|00|73182400||||0,00|
|0200|4750|JOGO REPARO BOMBA - M227|||PC|00|40169300||||0,00|
|0200|4752|PINO ENGATE|||UND|00|84329000||||0,00|
|0200|478|GRAMPO DE PRESSAO - JE9020|||PC|00|73182900||||0,00|
|0200|480|GRAXEIRA 1/4 RETA|||PC|00|84879000||||0,00|
|0200|4814|UNI 68 - 20L|||BD|00|27101932||||0,00|
|0200|4845|BICO SULCADOR 16 X 5,00 MM|||PC|00|84329000||||0,00|
|0200|4858|FILTRO DUPLO - M506/8|||PC|00|84219999||||0,00|
|0200|486|HASTE DO COMANDO|||PC|00|87089990||||0,00|
|0200|4861|BICO 3/4|||PC|00|74122000||||0,00|
|0200|489|TRATOMETRO|||PC|00|90292010||||0,00|
|0200|4905|BUJAO 0 1.1/4|||PC|00|73071990||||0,00|
|0200|4906|CHAVETA|||PC|00|73182400||||0,00|
|0200|4908|DISCO CERAMICA N4 - M124|||UND|00|84249090||||0,00|
|0200|4911|CARACOL CERAMICA N45 4F - M138|||UND|00|84249090||||0,00|
|0200|4912|PORCA - M218|||UND|00|84249090||||0,00|
|0200|493|RETENTOR|||PC|00|40169300||||0,00|
|0200|4944|ARRUELA 1/2|||PC|00|73182100||||0,00|
|0200|4945|ESTABILIZADOR 3/4|||PC|00|87089990||||0,00|
|0200|495|INTERRUPTOR DE PARTIDA|||PC|00|85365090||||0,00|
|0200|496|INTERRUPTOR DE LUZ|||PC|00|85365090||||0,00|
|0200|4969|PAINEL SISU|||PC|00|87082914||||0,00|
|0200|498|INTERRUPTOR DE FAROIS|||PC|00|85365090||||0,00|
|0200|50|CALCO|||PC|00|84819090||||0,00|
|0200|5008|CAPA BORRACHA - VALMET|||PC|00|40169300||||0,00|
|0200|5029|CAIXA DE FUSIVEIS|||PC|00|85366100||||0,00|
|0200|504|REPARO DE DIRECAO|||PC|00|40169300||||0,00|
|0200|5045|JUNTA DA BOMBA HIDR.|||PC|00|84842000||||0,00|
|0200|5053|PROTETOR INTERNO|||UND|00|76161000||||0,00|
|0200|5066|GRAXA CHASSIS AZUL - 20KG|||BD|00|27101992||||0,00|
|0200|5077|BICO CONEXAO 1.1/4 COM PORCA|||PC|00|39174090||||0,00|
|0200|5092|POLIA 85 12 3V|||PC|00|84329000||||0,00|
|0200|5158|ROLAMENTO DA RODA|||PC|00|84821010||||0,00|
|0200|516|REPARO DA TAMPA|||PC|00|40169300||||0,00|
|0200|5161|GRAXA CHASSIS AZUL -10KG|||BD|00|27101992||||0,00|
|0200|5166|ROLAMENTO|||PC|00|84822010||||0,00|
|0200|517|ASSENTO E ANEL DE VEDACAO|||PC|00|84819090||||0,00|
|0200|5174|INTERRUPTOR PARTIDA - 82296900|||PC|00|85365090||||0,00|
|0200|521|REPARO TRACAO CARRARO|||PC|00|40169300||||0,00|
|0200|5217|RADIADOR COMPLETO|||PC|00|87089100||||0,00|
|0200|522|FILTRO  AR EXTERNO - 80061900|||PC|00|84219999||||0,00|
|0200|523|INTERRUPTOR DE LUZ DE FREIO|||PC|00|85365090||||0,00|
|0200|525|FILTRO DO RADIADOR|||PC|00|84219999||||0,00|
|0200|5267|ENGRENAGEM PLANETARIA - TSA09|||PC|00|87089990||||0,00|
|0200|527|FILTRO SEDIMENTADOR|||PC|00|84212990||||0,00|
|0200|5273|BOMBA  DIRECAO SIMPLES - F000510500|||PC|00|84136011||||0,00|
|0200|531|LANTERNA TRASEIRA LD|||PC|00|85122011||||0,00|
|0200|532|JOGO DE REPARO JP-75|||PC|00|84139190||||0,00|
|0200|5348|PORCA M3 5 X 1,5 - VALMET LB3011|||PC|00|73181600||||0,00|
|0200|5352|CILINDRO FREIO|||PC|00|87083090||||0,00|
|0200|5353|BOMBA ELETRICA|||PC|00|84133090||||0,00|
|0200|5357|BOMBA|||PC|00|84138100||||0,00|
|0200|5374|ARRUELA TRAVA - VALMET|||PC|00|84329000||||0,00|
|0200|538|FILTRO LUBRIFACANTE - 71028|||PC|00|84212300||||0,00|
|0200|5381|RETENTOR - VALMET|||PC|00|40169300||||0,00|
|0200|5383|SINCR. COMPLETO - VALMET|||PC|00|87084090||||0,00|
|0200|54|TERMOMETRO|||PC|00|90262090||||0,00|
|0200|540|FILTRO DE OLEO RETRO|||PC|00|84212300||||0,00|
|0200|5409|CABO|||PC|00|87083090||||0,00|
|0200|5455|PORCA|||UND|00|40169300||||0,00|
|0200|5457|PARAFUSO|||UND|00|40169300||||0,00|
|0200|547|FILTRO INTERNO - AS805|||PC|00|84219999||||0,00|
|0200|5473|BICO MGA 04 40º|||UND|00|84249090||||0,00|
|0200|5474|BICO MGA 60-04|||UND|00|84249090||||0,00|
|0200|5475|BICO MGA 90-04|||UND|00|84249090||||0,00|
|0200|5499|ROLAMENTO|||PC|00|84821010||||0,00|
|0200|55|PA DO VENTILADOR|||PC|00|84149020||||0,00|
|0200|5503|VALVULA JP 150|||PC|00|84329000||||0,00|
|0200|553|FILTRO EXT - ARS8842 -82642100|||PC|00|84219999||||0,00|
|0200|5537|SUPORTE ENGATE|||PC|00|84329000||||0,00|
|0200|5568|ANEL YANMAR|||UND|00|40169300||||0,00|
|0200|557|ELO FLEXIVEL|||PC|00|40169990||||0,00|
|0200|5571|ANEL YANMAR|||UND|00|40169300||||0,00|
|0200|559|CUPILHA 1/16|||PC|00|73182400||||0,00|
|0200|5592|RETENTOR YANMAR|01684||PC|00|40169300||||0,00|
|0200|56|TAMPA DA VALVULA JP 150|||PC|00|84139190||||0,00|
|0200|5601|LUBRAX 140 1L|||UND|00|27101932||||0,00|
|0200|5630|MANOMETRO 1000 LBS - M600/5|||PC|00|84329000||||0,00|
|0200|564|ASSENTO DE BICO|||PC|00|39269090||||0,00|
|0200|5656|ANEL VALMET|||PC|00|87089990||||0,00|
|0200|5667|BOTAO PARTIDA|||UND|00|87089990||||0,00|
|0200|5668|BUCHA PART MB0016|||UND|00|85119000||||0,00|
|0200|5678|LANTERNA 355 12V|||UND|00|85122011||||0,00|
|0200|5681|BUCHA EIXO CARRARO|||UND|00|87089990||||0,00|
|0200|5688|PARAFUSO LUVA|||PC|00|73182400||||0,00|
|0200|5692|CAPA FECHADA|||UND|00|84249090||||0,00|
|0200|5693|CAPA|||UND|00|84249090||||0,00|
|0200|5694|ELEMENTO DUPLO - M506/7|||UND|00|84219999||||0,00|
|0200|5715|PORTA ESCOVA PARTIDA|||PC|00|85119000||||0,00|
|0200|5747|BICO|||PC|00|84329000||||0,00|
|0200|5748|BICO|||PC|00|84329000||||0,00|
|0200|5749|KIT REPARO|||PC|00|84248119||||0,00|
|0200|5750|TAMPA COM ROSCA|||PC|00|84329000||||0,00|
|0200|5751|VALVULA  JP 75/100|||PC|00|84329000||||0,00|
|0200|5813|EMBREMA TRIPLO TRIANGULO|||UND|00|87089990||||0,00|
|0200|5816|BOMBA ALIMENTADORA|||PC|00|84133090||||0,00|
|0200|582|GUARDA PO DO FREIO|||PC|00|40169300||||0,00|
|0200|5821|MANOMETRO 500L - M614|||UND|00|90262010||||0,00|
|0200|5848|ESPAGUETE|||UND|00|39174090||||0,00|
|0200|585|GUARDA PO DA ALAVANCA|||PC|00|40169300||||0,00|
|0200|5866|PORCA RODA  80693600 - VALMET|||PC|00|73181600||||0,00|
|0200|5868|CINTA COM SUPORTE|||UND|00|84249090||||0,00|
|0200|5875|UNI 90 - 20L|||BD|00|27101932||||0,00|
|0200|5884|ALCA C/ PARAFUSO|||PC|00|84219999||||0,00|
|0200|5885|MOLA HELIC COMPRESSAO|||PC|00|73202090||||0,00|
|0200|589|CAPA PROTETORA DO CAMBIO|||PC|00|40169300||||0,00|
|0200|593|GAXETA|||PC|00|68129910||||0,00|
|0200|5949|SOQUETE FAROL|||PC|00|85366100||||0,00|
|0200|5962|ROLAMENTO ESFERAS|||PC|00|84821010||||0,00|
|0200|5968|REPARO DO CILINDRO DA LAMINA 44.4|||PC|00|40169300||||0,00|
|0200|598|BOTAO DO ESTRANGULADOR|||PC|00|84879000||||0,00|
|0200|5990|CONECTOR 3/4 X 3/4 PORCA GARRA|||PC|00|84329000||||0,00|
|0200|6027|ROLAMENTO|||UND|00|84821010||||0,00|
|0200|6036|MOLA DE TRAVA|||UND|00|84249090||||0,00|
|0200|6050|ROLAMENTO|||UND|00|84821010||||0,00|
|0200|6055|BICO CONE VAZIO MAG 3 - M055|||UND|00|84249090||||0,00|
|0200|6056|KIT REPARO BOMBA JP 150 - M229|||UND|00|84139190||||0,00|
|0200|6057|BICO CERAMICA CONE VAZIO MAG 5|||UND|00|84249090||||0,00|
|0200|6065|FILTRO LUBRIFICANTE - 71029|||PC|00|84212300||||0,00|
|0200|607|JOGO DE REPARO JP-150|||PC|00|84139190||||0,00|
|0200|610|BRACO DO LEVANTE|||PC|00|87089990||||0,00|
|0200|6117|TEXACO 40 4L|||UND|00|27101932||||0,00|
|0200|6124|BICO 1.4/4|||PC|00|39174090||||0,00|
|0200|6151|CARRETA UVA CEMAG 2 TON|||UND|00|87162000||||0,00|
|0200|6159|TEXACO 40 1LT|||UND|00|27101932||||0,00|
|0200|6170|VALVULA|||PC|00|84812090||||0,00|
|0200|6175|COPO PARA FILTRO|||PC|00|84219999||||0,00|
|0200|619|BUCHA DA MANGA DE EIXO|||PC|00|87089990||||0,00|
|0200|6192|MANGUEIRA SUCCAO 1.1/4|||MT|00|39173900||||0,00|
|0200|6195|MANGUEIRA LARANJA 1/2 RL100M|||MT|00|39173900||||0,00|
|0200|6197|MANGUEIRA LARANJA 3/4|||MT|00|39173900||||0,00|
|0200|6200|POLIA 353946|||PC|00|84835010||||0,00|
|0200|623|BUJAO DRENAGEM - 520775|||PC|00|39174090||||0,00|
|0200|6269|PINO SUBSOLADOR 1/2 X 100 MM|||PC|00|84329000||||0,00|
|0200|6285|POLIA 146 1A|||PC|00|84835010||||0,00|
|0200|6287|ARRUELA LISA ACO|||PC|00|73182200||||0,00|
|0200|629|REGISTRO DE AGULHA|||PC|00|84818099||||0,00|
|0200|6292|FILTRO LUBRIFICANTE|||PC|00|84212300||||0,00|
|0200|6303|TAMPAO BORRACHA TANQUE|||PC|00|40169990||||0,00|
|0200|6320|LANTERNA DIANTEIRA|||PC|00|85122021||||0,00|
|0200|6321|SUPORTE FLEXIVEL|||CJ|00|84329000||||0,00|
|0200|6350|BICO CONE MGA 03 90 º|||UND|00|84249090||||0,00|
|0200|6351|BICO MGA 03 40º|||UND|00|84249090||||0,00|
|0200|6352|BICO CONE VAZIO MGA 4 - M056|||UND|00|84249090||||0,00|
|0200|6365|CORPO DA VALVULA|||PC|00|84329000||||0,00|
|0200|6366|TAMPA DAS VALVULAS 150 SAIDA|||PC|00|84329000||||0,00|
|0200|6377|SEPARADOR DISCO|||PC|00|84329000||||0,00|
|0200|6378|MANCAL - 243MM / 1.5/8|||PC|00|84329000||||0,00|
|0200|6379|MANCAL - 225MM / 1.5/8|||PC|00|84329000||||0,00|
|0200|638|COXIM DO TANQUE|||PC|00|40169300||||0,00|
|0200|6387|VALVULA COM INSERTO|||PC|00|84329000||||0,00|
|0200|639|ANEL - KH4005|||PC|00|40169300||||0,00|
|0200|6395|JUNTA COLETOR DE ESCAPE|||PC|00|84842000||||0,00|
|0200|641|ANEL DO PISTAO|||PC|00|40169300||||0,00|
|0200|6423|ROLAMENTO 21311 - VALMET|||PC|00|84823000||||0,00|
|0200|6455|ANEL RESERVATORIO|||PC|00|40169300||||0,00|
|0200|6464|COIFA DAS ALAVANCAS|||PC|00|40169990||||0,00|
|0200|6472|PARAFUSO DO MANCAL (TATU)|||PC|00|84329000||||0,00|
|0200|65|FILTRO CURTO - 836015106|||PC|00|84212990||||0,00|
|0200|6502|BUJAO DE FREIO|||PC|00|73071910||||0,00|
|0200|6532|CARRETA C/G4,0M/ 4,00 X 1,90 X 0,90M|||UND|00|87162000||||0,00|
|0200|6544|APOIO DA BARRA|||PC|00|84249090||||0,00|
|0200|6568|BRACO DO LEVANTE KP|||PC|00|87089990||||0,00|
|0200|657|MANOMETRO DE 500LBS|||PC|00|90262010||||0,00|
|0200|6593|CJ TIRANTE FREIO|||PC|00|87089990||||0,00|
|0200|6596|CHICOTE|||UND|00|85444200||||0,00|
|0200|6598|CORPO DA BOMBA JP-50|||PC|00|84139190||||0,00|
|0200|66|MOLA|||PC|00|73202010||||0,00|
|0200|660|ARRUELA DE 5X16|||PC|00|73182200||||0,00|
|0200|6611|BUCHA DO ACOPLAMENTO|||PC|00|84249090||||0,00|
|0200|6615|CURVA MACHO/FEMEA|||PC|00|73071990||||0,00|
|0200|6628|PARA LAMA DIREITO|||PC|00|87082911||||0,00|
|0200|6629|PARA LAMA ESQUERDO|||PC|00|87082911||||0,00|
|0200|663|ROLAMENTO DE ENCOSTO|||PC|00|84821090||||0,00|
|0200|6630|GRADE DO RADIADOR|||PC|00|87082912||||0,00|
|0200|6631|JG DE DECALQUE|||PC|00|49089000||||0,00|
|0200|6632|JG DE DECALQUE|||PC|00|49089000||||0,00|
|0200|6633|ENGATE RAPIDO|||UND|00|84811000||||0,00|
|0200|6634|SUPORTE|||UND|00|87089990||||0,00|
|0200|6635|PARAFUSO|||UND|00|73181500||||0,00|
|0200|6636|ARRUELA LISA|||UND|00|73181500||||0,00|
|0200|6637|ANEL|||UND|00|40169300||||0,00|
|0200|6638|ANEL|||UND|00|40169300||||0,00|
|0200|6639|VEDADOR DUPLO|||UND|00|84249090||||0,00|
|0200|664|ARRUELA DE ACO|||PC|00|73182200||||0,00|
|0200|6640|INSERTO METALICO|||PC|00|73251000||||0,00|
|0200|6641|EIXO MEXEDOR|||UND|00|73182200||||0,00|
|0200|6642|TERMINAL DE DIRECAO|||UND|00|87089412||||0,00|
|0200|6644|PENEIRA AREIA|||PC|00|96040000||||0,00|
|0200|6645|RODA MACICA|||PC|00|87169090||||0,00|
|0200|6646|FAROL AUXILIAR|||PC|00|85122011||||0,00|
|0200|6647|CABO DE ACO LIMITADOR DA BARRA|||PC|00|73121090||||0,00|
|0200|6648|BARRA TRACAO CURVA|||PC|00|87089990||||0,00|
|0200|6649|FACA ROCADEIRA|||PC|00|84329000||||0,00|
|0200|6650|JUNTA VEDACAO|||PC|00|40169300||||0,00|
|0200|6651|ARRUELA LISA|||PC|00|73182200||||0,00|
|0200|6652|ENGATE|||PC|00|84249090||||0,00|
|0200|6653|PARAFUSO DE ACO|||PC|00|73181500||||0,00|
|0200|6654|PORCA|||PC|00|73181600||||0,00|
|0200|6655|ARRUELA LISA|||PC|00|73182200||||0,00|
|0200|6656|CABO DO ACELERADOR DE MAO|||UND|00|87089990||||0,00|
|0200|6657|PARAFUSO DO ARO|||PC|00|73181500||||0,00|
|0200|6658|PARAFUSO MANCAL|||PC|00|84329000||||0,00|
|0200|6659|TRAVA|||PC|00|84329000||||0,00|
|0200|6660|JUNTA DE COBRE|||UND|00|74152900||||0,00|
|0200|6661|CJ TORNEIRA|||UND|00|84819090||||0,00|
|0200|6663|PARA LAMA ESQUERDO|||PC|00|87082911||||0,00|
|0200|6664|PARA LAMA DIREITO|||PC|00|87082911||||0,00|
|0200|6665|GRADE DO RAD P/ FAROL LATERAL|||PC|00|87082912||||0,00|
|0200|6666|VIRABREQUIM|||PC|00|84831019||||0,00|
|0200|6667|JG BRONZ STD MANCAL|||PC|00|84833029||||0,00|
|0200|6668|JG BRONZ STD BIELA|||PC|00|84833029||||0,00|
|0200|6669|PISTAO E ANEL DO MOTOR|||PC|00|84099999||||0,00|
|0200|6670|LATERAL LADO DIREITO|||PC|00|87089990||||0,00|
|0200|6671|LATERAL LADO ESQUERDO|||PC|00|87089990||||0,00|
|0200|6674|JG DE DECALQUE|||PC|00|39199090||||0,00|
|0200|6675|ROLAMENTO|||UND|00|84824000||||0,00|
|0200|6676|POLIA|||UND|00|84835010||||0,00|
|0200|6677|ARRUELA LISA|||UND|00|73182200||||0,00|
|0200|6678|GARFO DO FREIO|||UND|00|87089990||||0,00|
|0200|668|ARRUELA DE PRESSAO|||PC|00|73182100||||0,00|
|0200|6680|EMBOLO LONADO|||UND|00|40169300||||0,00|
|0200|6681|BICO MGA GOTAS AT|||UND|00|84249090||||0,00|
|0200|6682|CARCACA ESQUERDA|||UND|00|87089990||||0,00|
|0200|6683|ENGRENAGEM|||UND|00|87084090||||0,00|
|0200|6684|EIXO LATERAL|||UND|00|87089990||||0,00|
|0200|6685|BUCHA DO PINHAO|||UND|00|87089990||||0,00|
|0200|6686|BICO ENAGATE RAPIDO 3/8|||UND|00|84248119||||0,00|
|0200|6688|PORTA PLANETARIA|||UND|00|87085099||||0,00|
|0200|6689|JG DE DECALQUE|||UND|00|49089000||||0,00|
|0200|6690|RABETA LD|||UND|00|87082919||||0,00|
|0200|6691|RABETA LE|||UND|00|87082919||||0,00|
|0200|6692|PORCA SEXT|||UND|00|73181600||||0,00|
|0200|6693|TRAVA|||UND|00|73181500||||0,00|
|0200|6694|PINO LISO|||UND|00|73181500||||0,00|
|0200|6696|TRATOR AGRICOLA MF 250X COMPACTO|||UND|00|87019200||||0,00|
|0200|6697|TRATOR AGRICOLA MF 4275 COMPACTO|||UND|00|87019090||||0,00|
|0200|6698|RETENTOR DE BORRACHA|||UND|00|40169300||||0,00|
|0200|6699|BUCHA INTERMEDIARIA|||UND|00|84821090||||0,00|
|0200|67|REPARO CILINDRO DE DIRECAO|||PC|00|40169300||||0,00|
|0200|6700|PAR ROCADOR|||UND|00|73259990||||0,00|
|0200|6701|SEPARADOR|||UND|00|84329000||||0,00|
|0200|6702|ENGRENAGEM C/ BUCHA|||UND|00|87084090||||0,00|
|0200|6703|ENGRENAGEM|||UND|00|87084090||||0,00|
|0200|6705|CHICOTE FEMEA 2 VIAS|||UND|00|85444200||||0,00|
|0200|6706|ESPAGETE CORRUGADO|||UND|00|39173900||||0,00|
|0200|6707|LUVA TERMINAL FEMEA|||UND|00|85472090||||0,00|
|0200|673|REPARO COMANDO JACTO|||PC|00|84819090||||0,00|
|0200|678|CHAPA DE APOIO DO PINHAO|||PC|00|87089990||||0,00|
|0200|68|TUBO RETORNO|||PC|00|87089990||||0,00|
|0200|681|ROLAMENTO 2580/2523|||PC|00|84822090||||0,00|
|0200|685|ALAVANCA DE ACIONAMENTO|||PC|00|84249010||||0,00|
|0200|686|ANEL DO PISTAO|||PC|00|39269090||||0,00|
|0200|690|ANEL DE VEDACAO 1004633|||PC|00|40169300||||0,00|
|0200|695|TAMPA  RADIADOR - 589360|||PC|00|87089100||||0,00|
|0200|697|MOLA|||PC|00|73202010||||0,00|
|0200|698|TERMINAL CURTO GROSSO|||PC|00|87089412||||0,00|
|0200|70|REPARO DE EMBREAGEM|||PC|00|87089300||||0,00|
|0200|713|ARRUELA LISA|||PC|00|73182200||||0,00|
|0200|717|ANEL ESPACADOR|||PC|00|39269090||||0,00|
|0200|718|ARRUELA LISA 355617|||PC|00|73182200||||0,00|
|0200|72|REPARO DO COMANDO|||PC|00|40169300||||0,00|
|0200|720|POLIA ESTICADORA|||PC|00|84835090||||0,00|
|0200|736|TORNEIRA DE ALUMINIO|||PC|00|84812090||||0,00|
|0200|742|PORCA 3/4|||PC|00|73181600||||0,00|
|0200|743|FELTRO DO EIXO|||PC|00|56022100||||0,00|
|0200|744|PORCA 1/2|||PC|00|73181600||||0,00|
|0200|745|CORREIA 3VX-0450|||PC|00|40103200||||0,00|
|0200|746|PORCA CONICA 1/2|||PC|00|73181600||||0,00|
|0200|747|ANEL DE FELTRO M. EIXO|||PC|00|56022100||||0,00|
|0200|752|PORCA DA RODA TRASEIRA|||PC|00|73181600||||0,00|
|0200|755|PINO 3/4X67MM|||PC|00|87089990||||0,00|
|0200|758|PINO DO TIRANTE DA EMBREAGEM|||PC|00|73181500||||0,00|
|0200|760|PORCA 5/8 - JB3716|||PC|00|73181600||||0,00|
|0200|769|BUJAO MB-42|||PC|00|39174090||||0,00|
|0200|770|PINO TRAVA|||PC|00|87089990||||0,00|
|0200|771|PORCA 3/4 - JB3719|||PC|00|73181600||||0,00|
|0200|773|PARAFUSO SEXT. 5/16|||PC|00|73181500||||0,00|
|0200|775|PRE FILTRO BANHO A OLEO|||PC|00|84219999||||0,00|
|0200|783|VEDACAO DA FLANGE|||PC|00|48239099||||0,00|
|0200|794|PORCA|||PC|00|73181600||||0,00|
|0200|795|PARAFUSO LATARIA 5/16 X 5/8|||PC|00|73181500||||0,00|
|0200|799|PARAFUSO DO ARO - 828217 / 119050|||PC|00|73181500||||0,00|
|0200|802|RETENTOR DO FLANGE|||PC|00|40169300||||0,00|
|0200|804|CUBO DA RODA DIANT. MF 275|||PC|00|87089990||||0,00|
|0200|809|RETENTOR SEMI-EIXO - 80568900|||PC|00|40169300||||0,00|
|0200|811|RETENDOR SEMI EIXO - 81185300|||PC|00|40169300||||0,00|
|0200|812|EIXO DA BB. HIDRAULICA|||PC|00|84139190||||0,00|
|0200|82|ROLAMENTO 29685/29620|||PC|00|84822010||||0,00|
|0200|829|MOLA DA ALAVANCA DE CAMBIO|||PC|00|73202010||||0,00|
|0200|831|PARAFUSO SEXTAVADO|||PC|00|73181500||||0,00|
|0200|834|FAROL AUXILIAR - 81924500|||PC|00|85122011||||0,00|
|0200|837|FILTRO DE AR EXTERNO|||PC|00|84219999||||0,00|
|0200|840|FILTRO DE AR INTERNO|||PC|00|84219999||||0,00|
|0200|844|TUBO DO CARDAN DIANTEIRO|||PC|00|84329000||||0,00|
|0200|852|PINO DE FIXACAO|||PC|00|73181500||||0,00|
|0200|861|BUCHA DO PINO CENTRAL - 061265|||PC|00|87089990||||0,00|
|0200|867|GRAXEIRA CURVA 1/4|||PC|00|84879000||||0,00|
|0200|868|BUJAO DE DRENAGEM - 113060|||PC|00|84139190||||0,00|
|0200|872|PARAFUSO CANO RETORNO|||PC|00|73181500||||0,00|
|0200|885|TACOMETRO|||PC|00|90292010||||0,00|
|0200|890|PARAFUSO ARMACAO DIANTEIRA|||PC|00|73181500||||0,00|
|0200|91|ROLAMENTO SCE108|||PC|00|84824000||||0,00|
|0200|919|RETENTOR DUPLO|||PC|00|40169300||||0,00|
|0200|920|RETENTOR DO SEMI EIXO|||PC|00|40169300||||0,00|
|0200|923|RETENTOR DA POLIA 4236|||PC|00|40169300||||0,00|
|0200|925|PORCA DO PLATO|||PC|00|73181600||||0,00|
|0200|937|PINO FIXADOR|||PC|00|73182900||||0,00|
|0200|943|PINO DA BOMBA|||PC|00|73182900||||0,00|
|0200|948|FLEXIVEL DO TANQUE|||PC|00|87089990||||0,00|
|0200|958|ENXADA P/ROTOC. CEMAG/MINAMI/MR|||PC|00|84322900||||0,00|
|0200|959|ENXADA P/ROTOC. CEMAG/MINAMI/M|||PC|00|84322900||||0,00|
|0200|963|MANGUEIRA  1/2  SANSUY|||MT|00|39173900||||0,00|
|0200|966|SHELL RIMULA RT4 X 15W40 GALAO 4L|||GL|00|27101932||||0,00|
|0200|967|SHELL RIMULA RT4 15W40 1L|||L|00|27101932||||0,00|
|0200|973|REPARO DE EMBREAGEM LINHA 4200|||UND|09|00853650||||0,00|
|0200|98|NUCLEO|||PC|00|84819090||||0,00|
|0200|986|MAO DE OBRA ELETRICA|||UND|09|00853650||||0,00|
|0200|989|MAO DE OBRA TERCEIRO TORNO|||UND|09|00853650||||0,00|
|0200|990|DESLOCAMENTO TÉCNICO|||UND|00|00853650||||0,00|
|0200|992|REVISAO DE 1000 HORAS|||UND|09|00853650||||0,00|
|0200|995|PARAFUSO 3/4 X 5.1/2|||UND|00|73181500||||0,00|
|0400|2403|Compra para comercialização em operação com mercadoria sujeita ao regime de substituição tributária|
|0400|6403|Venda de mercadoria adquirida ou recebida de terceiros em operação com mercadoria sujeita ao regime de substituição tributária, na condição de contribuinte substituto|
|0400|5403|Venda de mercadoria adquirida ou recebida de terceiros em operação com mercadoria sujeita ao regime de substituição tributária, na condição de contribuinte substituto|
|0400|2202|Devolução de venda de mercadoria adquirida ou recebida de terceiros|
|0400|2102|Compra para comercialização|
|0400|6933|Prestação de serviço tributado pelo ISS|
|0400|6404|Venda de mercadoria sujeita ao regime de substituição tributária, cujo imposto já tenha sido retido anteriormente|
|0400|6411|Devolução de compra para comercialização em operação com mercadoria sujeita ao regime de substituição tributária|
|0400|6202|Devolução de compra para comercialização|
|0400|5929|Lançamento efetuado em decorrência de emissão de documento fiscal relativo a operação ou prestação também registrada em equipamento Emissor de Cupom Fiscal  ECF|
|0400|1652|Compra de combustível ou lubrificante para comercialização|
|0400|6929|Lançamento efetuado em decorrência de emissão de documento fiscal relativo a operação ou prestação também registrada em equipamento Emissor de Cupom FiscalECF|
|0400|2117|Compra para comercialização originada de encomenda para recebimento futuro|
|0400|1403|Compra para comercialização em operação com mercadoria sujeita ao regime de substituição tributária|
|0400|5405|Venda de mercadoria adquirida ou recebida de terceiros em operação com mercadoria sujeita ao regime de substituição tributária, na condição de contribuinte substituído|
|0400|5933|Prestação de serviço tributado pelo ISS|
|0400|1102|Compra para comercialização|
|0400|1202|Devolução de venda de mercadoria adquirida ou recebida de terceiros|
|0500|01012009|09|A|1|001|Conta 1|1.01.001|11053630000140|
|0500|01012009|09|A|1|002|Conta 2|1.01.002|11053630000140|
|0600|01082019|01|Nome|
|0990|942|
|A001|0|
|A010|11053630000140|
|A100|1|0|37752030520|00|1||691||06122017|06122017|706,00|1|0,00|0,00|0,00|0,00|0,00|0,00|0,00|35,30|
|A170|1|990|DESLOCAMENTO TÉCNICO|306,00|0,00||0|06|0,00|0,00|0,00|06|0,00|0,00|0,00|002|01|
|A170|2|1726|MAO DE OBRA|400,00|0,00||0|06|0,00|0,00|0,00|06|0,00|0,00|0,00|002|01|
|A100|1|0|06153897000412|00|1||692||08122017|08122017|521,00|1|0,00|0,00|0,00|0,00|0,00|0,00|0,00|26,05|
|A170|3|990|DESLOCAMENTO TÉCNICO|81,00|0,00||0|06|0,00|0,00|0,00|06|0,00|0,00|0,00|001|01|
|A170|4|1180|MAO DE OBRA TERCEIROS|140,00|0,00||0|06|0,00|0,00|0,00|06|0,00|0,00|0,00|001|01|
|A170|5|1726|MAO DE OBRA|300,00|0,00||0|06|0,00|0,00|0,00|06|0,00|0,00|0,00|001|01|
|A100|1|0|26995794400|00|1||693||08122017|08122017|232,50|1|0,00|0,00|0,00|0,00|0,00|0,00|0,00|11,62|
|A170|6|990|DESLOCAMENTO TÉCNICO|82,50|0,00||0|06|0,00|0,00|0,00|06|0,00|0,00|0,00|001|01|
|A170|7|1726|MAO DE OBRA|150,00|0,00||0|06|0,00|0,00|0,00|06|0,00|0,00|0,00|001|01|
|A100|1|0|18283249000117|00|1||694||12122017|12122017|509,00|1|0,00|0,00|0,00|0,00|0,00|0,00|0,00|25,45|
|A170|8|990|DESLOCAMENTO TÉCNICO|159,00|0,00||0|06|0,00|0,00|0,00|06|0,00|0,00|0,00|001|01|
|A170|9|1726|MAO DE OBRA|350,00|0,00||0|06|0,00|0,00|0,00|06|0,00|0,00|0,00|001|01|
|A100|1|0|90943759587|00|1||695||13122017|13122017|90,00|0|0,00|0,00|0,00|0,00|0,00|0,00|0,00|4,50|
|A170|10|1726|MAO DE OBRA|90,00|0,00||0|06|0,00|0,00|0,00|06|0,00|0,00|0,00|001|01|
|A100|1|0|63628104572|00|1||696||19122017|19122017|567,50|0|0,00|0,00|0,00|0,00|0,00|0,00|0,00|28,38|
|A170|11|990|DESLOCAMENTO TÉCNICO|217,50|0,00||0|06|0,00|0,00|0,00|06|0,00|0,00|0,00|001|01|
|A170|12|1726|MAO DE OBRA|350,00|0,00||0|06|0,00|0,00|0,00|06|0,00|0,00|0,00|001|01|
|A100|1|0|04785526000266|00|1||697||19122017|19122017|326,50|1|0,00|0,00|0,00|0,00|0,00|0,00|0,00|16,32|
|A170|13|990|DESLOCAMENTO TÉCNICO|76,50|0,00||0|06|0,00|0,00|0,00|06|0,00|0,00|0,00|002|01|
|A170|14|1726|MAO DE OBRA|250,00|0,00||0|06|0,00|0,00|0,00|06|0,00|0,00|0,00|002|01|
|A100|1|0|04161198400|00|1||700||21122017|21122017|85,50|1|0,00|0,00|0,00|0,00|0,00|0,00|0,00|4,28|
|A170|15|990|DESLOCAMENTO TÉCNICO|85,50|0,00||0|06|0,00|0,00|0,00|06|0,00|0,00|0,00|001|01|
|A100|1|0|03571344430|00|1||699||21122017|21122017|1050,00|1|0,00|0,00|0,00|0,00|0,00|0,00|0,00|52,50|
|A170|16|990|DESLOCAMENTO TÉCNICO|225,00|0,00||0|06|0,00|0,00|0,00|06|0,00|0,00|0,00|001|01|
|A170|17|1180|MAO DE OBRA TERCEIROS|425,00|0,00||0|06|0,00|0,00|0,00|06|0,00|0,00|0,00|001|01|
|A170|18|1726|MAO DE OBRA|400,00|0,00||0|06|0,00|0,00|0,00|06|0,00|0,00|0,00|001|01|
|A100|1|0|61642711420|00|1||701||21122017|21122017|296,00|1|0,00|0,00|0,00|0,00|0,00|0,00|0,00|14,80|
|A170|19|990|DESLOCAMENTO TÉCNICO|96,00|0,00||0|06|0,00|0,00|0,00|06|0,00|0,00|0,00|002|01|
|A170|20|1750|REVISAO DE 100 HORAS|200,00|0,00||0|06|0,00|0,00|0,00|06|0,00|0,00|0,00|002|01|
|A100|1|0|97719838572|00|1||698||21122017|21122017|408,00|1|0,00|0,00|0,00|0,00|0,00|0,00|0,00|20,40|
|A170|21|990|DESLOCAMENTO TÉCNICO|258,00|0,00||0|06|0,00|0,00|0,00|06|0,00|0,00|0,00|001|01|
|A170|22|1726|MAO DE OBRA|150,00|0,00||0|06|0,00|0,00|0,00|06|0,00|0,00|0,00|001|01|
|A100|1|0|69954626000133|00|1||702||26122017|26122017|650,00|1|0,00|0,00|0,00|0,00|0,00|0,00|0,00|32,50|
|A170|23|973|REPARO DE EMBREAGEM LINHA 4200|500,00|0,00||0|06|0,00|0,00|0,00|06|0,00|0,00|0,00|001|01|
|A170|24|1180|MAO DE OBRA TERCEIROS|150,00|0,00||0|06|0,00|0,00|0,00|06|0,00|0,00|0,00|001|01|
|A100|1|0|88847686000363|00|1||703||27122017|27122017|1450,00|1|0,00|0,00|0,00|0,00|0,00|0,00|0,00|72,50|
|A170|25|990|DESLOCAMENTO TÉCNICO|450,00|0,00||0|06|0,00|0,00|0,00|06|0,00|0,00|0,00|001|01|
|A170|26|1726|MAO DE OBRA|1000,00|0,00||0|06|0,00|0,00|0,00|06|0,00|0,00|0,00|001|01|
|A100|1|0|98517260520|00|1||704||27122017|27122017|202,50|1|0,00|0,00|0,00|0,00|0,00|0,00|0,00|10,12|
|A170|27|990|DESLOCAMENTO TÉCNICO|82,50|0,00||0|06|0,00|0,00|0,00|06|0,00|0,00|0,00|001|01|
|A170|28|1726|MAO DE OBRA|120,00|0,00||0|06|0,00|0,00|0,00|06|0,00|0,00|0,00|001|01|
|A100|1|0|75058367068|00|1||705||27122017|27122017|700,00|1|13,00|0,00|0,00|0,00|0,00|0,00|0,00|34,99|
|A170|29|990|DESLOCAMENTO TÉCNICO|179,66|3,34||0|06|0,00|0,00|0,00|06|0,00|0,00|0,00|001|01|
|A170|30|1180|MAO DE OBRA TERCEIROS|373,07|6,93||0|06|0,00|0,00|0,00|06|0,00|0,00|0,00|001|01|
|A170|31|1726|MAO DE OBRA|147,27|2,73||0|06|0,00|0,00|0,00|06|0,00|0,00|0,00|001|01|
|A100|1|0|37752030520|00|1||707||28122017|28122017|712,00|1|0,00|0,00|0,00|0,00|0,00|0,00|0,00|35,60|
|A170|32|990|DESLOCAMENTO TÉCNICO|312,00|0,00||0|06|0,00|0,00|0,00|06|0,00|0,00|0,00|001|01|
|A170|33|1726|MAO DE OBRA|400,00|0,00||0|06|0,00|0,00|0,00|06|0,00|0,00|0,00|001|01|
|A100|1|0|03043233492|00|1||706||28122017|28122017|350,00|1|0,00|0,00|0,00|0,00|0,00|0,00|0,00|17,50|
|A170|34|1726|MAO DE OBRA|350,00|0,00||0|06|0,00|0,00|0,00|06|0,00|0,00|0,00|001|01|
|A100|1|0|01273669000462|00|1||709||29122017|29122017|526,00|1|0,00|0,00|0,00|0,00|0,00|0,00|0,00|26,30|
|A170|35|990|DESLOCAMENTO TÉCNICO|126,00|0,00||0|06|0,00|0,00|0,00|06|0,00|0,00|0,00|002|01|
|A170|36|1726|MAO DE OBRA|400,00|0,00||0|06|0,00|0,00|0,00|06|0,00|0,00|0,00|002|01|
|A100|1|0|01273669001191|00|1||710||29122017|29122017|314,00|1|0,00|0,00|0,00|0,00|0,00|0,00|0,00|15,70|
|A170|37|990|DESLOCAMENTO TÉCNICO|114,00|0,00||0|06|0,00|0,00|0,00|06|0,00|0,00|0,00|002|01|
|A170|38|1726|MAO DE OBRA|200,00|0,00||0|06|0,00|0,00|0,00|06|0,00|0,00|0,00|002|01|
|A100|1|0|92645097553|00|1||708||29122017|29122017|1320,00|1|200,00|0,00|0,00|0,00|0,00|0,00|0,00|66,00|
|A170|39|990|DESLOCAMENTO TÉCNICO|221,45|33,55||0|06|0,00|0,00|0,00|06|0,00|0,00|0,00|001|01|
|A170|40|1180|MAO DE OBRA TERCEIROS|230,13|34,87||0|06|0,00|0,00|0,00|06|0,00|0,00|0,00|001|01|
|A170|41|1726|MAO DE OBRA|868,42|131,58||0|06|0,00|0,00|0,00|06|0,00|0,00|0,00|001|01|
|A100|1|0|91108918549|00|1||713||29122017|29122017|120,00|1|0,00|0,00|0,00|0,00|0,00|0,00|0,00|6,00|
|A170|42|1726|MAO DE OBRA|120,00|0,00||0|06|0,00|0,00|0,00|06|0,00|0,00|0,00|001|01|
|A100|1|0|63627396553|00|1||712||29122017|29122017|650,00|1|0,00|0,00|0,00|0,00|0,00|0,00|0,00|32,50|
|A170|43|989|MAO DE OBRA TERCEIRO TORNO|250,00|0,00||0|06|0,00|0,00|0,00|06|0,00|0,00|0,00|001|01|
|A170|44|992|REVISAO DE 1000 HORAS|400,00|0,00||0|06|0,00|0,00|0,00|06|0,00|0,00|0,00|001|01|
|A100|1|0|77526996400|00|1||711||29122017|29122017|155,00|1|0,00|0,00|0,00|0,00|0,00|0,00|0,00|7,75|
|A170|45|990|DESLOCAMENTO TÉCNICO|75,00|0,00||0|06|0,00|0,00|0,00|06|0,00|0,00|0,00|001|01|
|A170|46|1751|REVISAO 250 HORAS|80,00|0,00||0|06|0,00|0,00|0,00|06|0,00|0,00|0,00|001|01|
|A100|1|0|02542075530|00|1||715||30122017|30122017|1574,00|1|0,00|0,00|0,00|0,00|0,00|0,00|0,00|78,70|
|A170|47|986|MAO DE OBRA ELETRICA|700,00|0,00||0|06|0,00|0,00|0,00|06|0,00|0,00|0,00|001|01|
|A170|48|1180|MAO DE OBRA TERCEIROS|374,00|0,00||0|06|0,00|0,00|0,00|06|0,00|0,00|0,00|001|01|
|A170|49|1726|MAO DE OBRA|500,00|0,00||0|06|0,00|0,00|0,00|06|0,00|0,00|0,00|001|01|
|A100|1|0|85598275520|00|1||714||30122017|30122017|715,00|1|0,00|0,00|0,00|0,00|0,00|0,00|0,00|35,75|
|A170|50|990|DESLOCAMENTO TÉCNICO|300,00|0,00||0|06|0,00|0,00|0,00|06|0,00|0,00|0,00|001|01|
|A170|51|1180|MAO DE OBRA TERCEIROS|265,00|0,00||0|06|0,00|0,00|0,00|06|0,00|0,00|0,00|001|01|
|A170|52|2014|REVISAO 2000 HORAS|150,00|0,00||0|06|0,00|0,00|0,00|06|0,00|0,00|0,00|001|01|
|A990|80|
|C001|0|
|C010|11053630000140|1|
|C100|0|1|13911881000144|55|00|1|113|29171213911881000144550010000001131414767560|07122017|09122017|90,00|1|0,00|0,00|90,00|1|0,00|0,00|0,00|0,00|0,00|0,00|0,00|0,00|1,47|6,84|0,00|0,00|
|C170|1|3517|BUZINA|1,00000|PC|55,00|0,00|0|060|1403|1403|0,00|0,00|0,00|0,00|0,00|0,00|0|49||0,00|0,00|0,00|73|55,00|1,6500|||0,90|73|55,00|7,6000|||4,18||
|C170|2|4490|FITA ISOLANTE|1,00000|UND|5,00|0,00|0|060|1403|1403|0,00|0,00|0,00|0,00|0,00|0,00|0|49||0,00|0,00|0,00|73|5,00|1,6500|||0,08|73|5,00|7,6000|||0,38||
|C170|3|5667|BOTAO PARTIDA|1,00000|UND|30,00|0,00|0|060|1403|1403|0,00|0,00|0,00|0,00|0,00|0,00|0|49||0,00|0,00|0,00|73|30,00|1,6500|||0,49|73|30,00|7,6000|||2,28||
|C100|0|1|13911881000144|55|00|1|117|29171213911881000144550010000001171976871962|15122017|20122017|830,00|1|0,00|0,00|830,00|1|0,00|0,00|0,00|0,00|0,00|0,00|0,00|0,00|13,69|63,08|0,00|0,00|
|C170|1|3874|INDUZIDO WAPSA|1,00000|UND|750,00|0,00|0|060|1403|1403|0,00|0,00|0,00|0,00|0,00|0,00|0|49||0,00|0,00|0,00|73|750,00|1,6500|||12,37|73|750,00|7,6000|||57,00||
|C170|2|4262|PORTA ESCOVA|1,00000|UND|80,00|0,00|0|060|1403|1403|0,00|0,00|0,00|0,00|0,00|0,00|0|49||0,00|0,00|0,00|73|80,00|1,6500|||1,32|73|80,00|7,6000|||6,08||
|C100|0|1|13911881000144|55|00|1|120|29171213911881000144550010000001201526021076|15122017|20122017|126,00|1|0,00|0,00|126,00|1|0,00|0,00|0,00|0,00|0,00|0,00|0,00|0,00|2,07|9,56|0,00|0,00|
|C170|1|1241|PORTA ESCOVA|1,00000|PC|30,00|0,00|0|060|1403|1403|0,00|0,00|0,00|0,00|0,00|0,00|0|49||0,00|0,00|0,00|73|30,00|1,6500|||0,49|73|30,00|7,6000|||2,28||
|C170|2|4255|BUCHA|1,00000|PC|8,00|0,00|0|060|1403|1403|0,00|0,00|0,00|0,00|0,00|0,00|0|49||0,00|0,00|0,00|73|8,00|1,6500|||0,13|73|8,00|7,6000|||0,60||
|C170|3|4262|PORTA ESCOVA|1,00000|UND|80,00|0,00|0|060|1403|1403|0,00|0,00|0,00|0,00|0,00|0,00|0|49||0,00|0,00|0,00|73|80,00|1,6500|||1,32|73|80,00|7,6000|||6,08||
|C170|4|5668|BUCHA PART MB0016|1,00000|UND|8,00|0,00|0|060|1403|1403|0,00|0,00|0,00|0,00|0,00|0,00|0|49||0,00|0,00|0,00|73|8,00|1,6500|||0,13|73|8,00|7,6000|||0,60||
|C100|0|1|13911881000144|55|00|1|126|29171213911881000144550010000001261102931010|22122017|22122017|830,00|1|0,00|0,00|830,00|1|0,00|0,00|0,00|0,00|0,00|0,00|0,00|0,00|13,69|63,08|0,00|0,00|
|C170|1|3874|INDUZIDO WAPSA|1,00000|UND|750,00|0,00|0|060|1403|1403|0,00|0,00|0,00|0,00|0,00|0,00|0|49||0,00|0,00|0,00|73|750,00|1,6500|||12,37|73|750,00|7,6000|||57,00||
|C170|2|4262|PORTA ESCOVA|1,00000|UND|80,00|0,00|0|060|1403|1403|0,00|0,00|0,00|0,00|0,00|0,00|0|49||0,00|0,00|0,00|73|80,00|1,6500|||1,32|73|80,00|7,6000|||6,08||
|C100|0|1|13911881000144|55|00|1|133|29171213911881000144550010000001331110917114|29122017|29122017|250,00|1|0,00|0,00|250,00|1|0,00|0,00|0,00|0,00|0,00|0,00|0,00|0,00|4,12|19,00|0,00|0,00|
|C170|1|4261|AUTOMATICO|1,00000|UND|250,00|0,00|0|060|1403|1403|0,00|0,00|0,00|0,00|0,00|0,00|0|49||0,00|0,00|0,00|73|250,00|1,6500|||4,12|73|250,00|7,6000|||19,00||
|C100|0|1|13911881000144|55|00|1|135|29171213911881000144550010000001351103221015|29122017|30122017|181,00|1|0,00|0,00|181,00|1|0,00|0,00|0,00|0,00|0,00|0,00|0,00|0,00|2,94|13,74|0,00|0,00|
|C170|1|2928|TOMADA ETE 7090 - B|6,00000|PC|30,00|0,00|0|060|1403|1403|0,00|0,00|0,00|0,00|0,00|0,00|0|49||0,00|0,00|0,00|73|30,00|1,6500|||0,49|73|30,00|7,6000|||2,28||
|C170|2|4221|LAMPADA|2,00000|UND|20,00|0,00|0|060|1403|1403|0,00|0,00|0,00|0,00|0,00|0,00|0|49||0,00|0,00|0,00|73|20,00|1,6500|||0,33|73|20,00|7,6000|||1,52||
|C170|3|4487|TERMINAL|100,00000|PC|25,00|0,00|0|060|1403|1403|0,00|0,00|0,00|0,00|0,00|0,00|0|49||0,00|0,00|0,00|73|25,00|1,6500|||0,41|73|25,00|7,6000|||1,90||
|C170|4|4691|TERMINAL BATERIA|1,00000|PC|7,00|0,00|0|060|1403|1403|0,00|0,00|0,00|0,00|0,00|0,00|0|49||0,00|0,00|0,00|73|7,00|1,6500|||0,11|73|7,00|7,6000|||0,53||
|C170|5|4747|CONECTOR|1,00000|UND|5,50|0,00|0|060|1403|1403|0,00|0,00|0,00|0,00|0,00|0,00|0|49||0,00|0,00|0,00|73|5,50|1,6500|||0,09|73|5,50|7,6000|||0,41||
|C170|6|5848|ESPAGUETE|3,00000|UND|6,00|0,00|0|060|1403|1403|0,00|0,00|0,00|0,00|0,00|0,00|0|49||0,00|0,00|0,00|73|6,00|1,6500|||0,09|73|6,00|7,6000|||0,45||
|C170|7|5949|SOQUETE FAROL|2,00000|PC|10,00|0,00|0|060|1403|1403|0,00|0,00|0,00|0,00|0,00|0,00|0|49||0,00|0,00|0,00|73|10,00|1,6500|||0,16|73|10,00|7,6000|||0,76||
|C170|8|6596|CHICOTE|1,00000|UND|15,00|0,00|0|060|1403|1403|0,00|0,00|0,00|0,00|0,00|0,00|0|49||0,00|0,00|0,00|73|15,00|1,6500|||0,24|73|15,00|7,6000|||1,14||
|C170|9|6705|CHICOTE FEMEA 2 VIAS|1,00000|UND|15,00|0,00|0|060|1403|1403|0,00|0,00|0,00|0,00|0,00|0,00|0|49||0,00|0,00|0,00|73|15,00|1,6500|||0,24|73|15,00|7,6000|||1,14||
|C170|10|6706|ESPAGETE CORRUGADO|5,00000|UND|22,50|0,00|0|060|1403|1403|0,00|0,00|0,00|0,00|0,00|0,00|0|49||0,00|0,00|0,00|73|22,50|1,6500|||0,37|73|22,50|7,6000|||1,71||
|C170|11|6707|LUVA TERMINAL FEMEA|100,00000|UND|25,00|0,00|0|060|1403|1403|0,00|0,00|0,00|0,00|0,00|0,00|0|49||0,00|0,00|0,00|73|25,00|1,6500|||0,41|73|25,00|7,6000|||1,90||
|C100|1|0|37752030520|55|00|1|691|29171211053630000140550010000006911000006915|06122017|06122017|706,00|1|0,00|0,00|706,00|0|0,00|0,00|0,00|0,00|0,00|0,00|0,00|0,00|0,00|0,00|0,00|0,00|
|C170|1|990|DESLOCAMENTO TÉCNICO|204,00000|UND|306,00|0,00|0|060|6933|6933|0,00|0,00|0,00|0,00|0,00|0,00|0|||0,00|0,00|0,00|06|0,00|0,0000|||0,00|06|0,00|0,0000|||0,00|002|
|C170|2|1726|MAO DE OBRA|1,00000|UND|400,00|0,00|0|060|6933|6933|0,00|0,00|0,00|0,00|0,00|0,00|0|||0,00|0,00|0,00|06|0,00|0,0000|||0,00|06|0,00|0,0000|||0,00|002|
|C100|1|0|06153897000412|55|00|1|692|29171211053630000140550010000006921000006920|08122017|08122017|521,00|1|0,00|0,00|521,00|0|0,00|0,00|0,00|0,00|0,00|0,00|0,00|0,00|0,00|0,00|0,00|0,00|
|C170|1|990|DESLOCAMENTO TÉCNICO|54,00000|UND|81,00|0,00|0|090|5933|5933|0,00|0,00|0,00|0,00|0,00|0,00|0|||0,00|0,00|0,00|06|0,00|0,0000|||0,00|06|0,00|0,0000|||0,00|001|
|C170|2|1180|MAO DE OBRA TERCEIROS|1,00000|UND|140,00|0,00|0|090|5933|5933|0,00|0,00|0,00|0,00|0,00|0,00|0|||0,00|0,00|0,00|06|0,00|0,0000|||0,00|06|0,00|0,0000|||0,00|001|
|C170|3|1726|MAO DE OBRA|1,00000|UND|300,00|0,00|0|090|5933|5933|0,00|0,00|0,00|0,00|0,00|0,00|0|||0,00|0,00|0,00|06|0,00|0,0000|||0,00|06|0,00|0,0000|||0,00|001|
|C100|1|0|26995794400|55|00|1|693|29171211053630000140550010000006931000006936|08122017|08122017|232,50|1|0,00|0,00|232,50|0|0,00|0,00|0,00|0,00|0,00|0,00|0,00|0,00|0,00|0,00|0,00|0,00|
|C170|1|990|DESLOCAMENTO TÉCNICO|55,00000|UND|82,50|0,00|0|090|5933|5933|0,00|0,00|0,00|0,00|0,00|0,00|0|||0,00|0,00|0,00|06|0,00|0,0000|||0,00|06|0,00|0,0000|||0,00|001|
|C170|2|1726|MAO DE OBRA|1,00000|UND|150,00|0,00|0|090|5933|5933|0,00|0,00|0,00|0,00|0,00|0,00|0|||0,00|0,00|0,00|06|0,00|0,0000|||0,00|06|0,00|0,0000|||0,00|001|
|C100|1|0|18283249000117|55|00|1|694|29171211053630000140550010000006941000006941|12122017|12122017|509,00|1|0,00|0,00|509,00|0|0,00|0,00|0,00|0,00|0,00|0,00|0,00|0,00|0,00|0,00|0,00|0,00|
|C170|1|990|DESLOCAMENTO TÉCNICO|106,00000|UND|159,00|0,00|0|090|5933|5933|0,00|0,00|0,00|0,00|0,00|0,00|0|||0,00|0,00|0,00|06|0,00|0,0000|||0,00|06|0,00|0,0000|||0,00|001|
|C170|2|1726|MAO DE OBRA|1,00000|UND|350,00|0,00|0|090|5933|5933|0,00|0,00|0,00|0,00|0,00|0,00|0|||0,00|0,00|0,00|06|0,00|0,0000|||0,00|06|0,00|0,0000|||0,00|001|
|C100|1|0|90943759587|55|00|1|695|29171211053630000140550010000006951000006957|13122017|13122017|90,00|0|0,00|0,00|90,00|0|0,00|0,00|0,00|0,00|0,00|0,00|0,00|0,00|0,00|0,00|0,00|0,00|
|C170|1|1726|MAO DE OBRA|1,00000|UND|90,00|0,00|0|090|5933|5933|0,00|0,00|0,00|0,00|0,00|0,00|0|||0,00|0,00|0,00|06|0,00|0,0000|||0,00|06|0,00|0,0000|||0,00|001|
|C100|1|0|63628104572|55|00|1|696|29171211053630000140550010000006961000006962|19122017|19122017|567,50|0|0,00|0,00|567,50|0|0,00|0,00|0,00|0,00|0,00|0,00|0,00|0,00|0,00|0,00|0,00|0,00|
|C170|1|990|DESLOCAMENTO TÉCNICO|145,00000|UND|217,50|0,00|0|090|5933|5933|0,00|0,00|0,00|0,00|0,00|0,00|0|||0,00|0,00|0,00|06|0,00|0,0000|||0,00|06|0,00|0,0000|||0,00|001|
|C170|2|1726|MAO DE OBRA|1,00000|UND|350,00|0,00|0|090|5933|5933|0,00|0,00|0,00|0,00|0,00|0,00|0|||0,00|0,00|0,00|06|0,00|0,0000|||0,00|06|0,00|0,0000|||0,00|001|
|C100|1|0|04785526000266|55|00|1|697|29171211053630000140550010000006971000006978|19122017|19122017|326,50|1|0,00|0,00|326,50|0|0,00|0,00|0,00|0,00|0,00|0,00|0,00|0,00|0,00|0,00|0,00|0,00|
|C170|1|990|DESLOCAMENTO TÉCNICO|51,00000|UND|76,50|0,00|0|090|6933|6933|0,00|0,00|0,00|0,00|0,00|0,00|0|||0,00|0,00|0,00|06|0,00|0,0000|||0,00|06|0,00|0,0000|||0,00|002|
|C170|2|1726|MAO DE OBRA|1,00000|UND|250,00|0,00|0|090|6933|6933|0,00|0,00|0,00|0,00|0,00|0,00|0|||0,00|0,00|0,00|06|0,00|0,0000|||0,00|06|0,00|0,0000|||0,00|002|
|C100|1|0|97719838572|55|00|1|698|29171211053630000140550010000006981000006983|21122017|21122017|408,00|1|0,00|0,00|408,00|0|0,00|0,00|0,00|0,00|0,00|0,00|0,00|0,00|0,00|0,00|0,00|0,00|
|C170|1|990|DESLOCAMENTO TÉCNICO|172,00000|UND|258,00|0,00|0|090|5933|5933|0,00|0,00|0,00|0,00|0,00|0,00|0|||0,00|0,00|0,00|06|0,00|0,0000|||0,00|06|0,00|0,0000|||0,00|001|
|C170|2|1726|MAO DE OBRA|1,00000|UND|150,00|0,00|0|090|5933|5933|0,00|0,00|0,00|0,00|0,00|0,00|0|||0,00|0,00|0,00|06|0,00|0,0000|||0,00|06|0,00|0,0000|||0,00|001|
|C100|1|0|03571344430|55|00|1|699|29171211053630000140550010000006991000006999|21122017|21122017|1050,00|1|0,00|0,00|1050,00|0|0,00|0,00|0,00|0,00|0,00|0,00|0,00|0,00|0,00|0,00|0,00|0,00|
|C170|1|990|DESLOCAMENTO TÉCNICO|150,00000|UND|225,00|0,00|0|090|5933|5933|0,00|0,00|0,00|0,00|0,00|0,00|0|||0,00|0,00|0,00|06|0,00|0,0000|||0,00|06|0,00|0,0000|||0,00|001|
|C170|2|1180|MAO DE OBRA TERCEIROS|1,00000|UND|425,00|0,00|0|090|5933|5933|0,00|0,00|0,00|0,00|0,00|0,00|0|||0,00|0,00|0,00|06|0,00|0,0000|||0,00|06|0,00|0,0000|||0,00|001|
|C170|3|1726|MAO DE OBRA|1,00000|UND|400,00|0,00|0|090|5933|5933|0,00|0,00|0,00|0,00|0,00|0,00|0|||0,00|0,00|0,00|06|0,00|0,0000|||0,00|06|0,00|0,0000|||0,00|001|
|C100|1|0|04161198400|55|00|1|700|29171211053630000140550010000007001000007009|21122017|21122017|85,50|1|0,00|0,00|85,50|0|0,00|0,00|0,00|0,00|0,00|0,00|0,00|0,00|0,00|0,00|0,00|0,00|
|C170|1|990|DESLOCAMENTO TÉCNICO|57,00000|UND|85,50|0,00|0|090|5933|5933|0,00|0,00|0,00|0,00|0,00|0,00|0|||0,00|0,00|0,00|06|0,00|0,0000|||0,00|06|0,00|0,0000|||0,00|001|
|C100|1|0|61642711420|55|00|1|701|29171211053630000140550010000007011000007014|21122017|21122017|296,00|1|0,00|0,00|296,00|0|0,00|0,00|0,00|0,00|0,00|0,00|0,00|0,00|0,00|0,00|0,00|0,00|
|C170|1|990|DESLOCAMENTO TÉCNICO|64,00000|UND|96,00|0,00|0|090|6933|6933|0,00|0,00|0,00|0,00|0,00|0,00|0|||0,00|0,00|0,00|06|0,00|0,0000|||0,00|06|0,00|0,0000|||0,00|002|
|C170|2|1750|REVISAO DE 100 HORAS|1,00000|UND|200,00|0,00|0|090|6933|6933|0,00|0,00|0,00|0,00|0,00|0,00|0|||0,00|0,00|0,00|06|0,00|0,0000|||0,00|06|0,00|0,0000|||0,00|002|
|C100|1|0|69954626000133|55|00|1|702|29171211053630000140550010000007021000007020|26122017|26122017|650,00|1|0,00|0,00|650,00|0|0,00|0,00|0,00|0,00|0,00|0,00|0,00|0,00|0,00|0,00|0,00|0,00|
|C170|1|973|REPARO DE EMBREAGEM LINHA 4200|1,00000|UND|500,00|0,00|0|090|5933|5933|0,00|0,00|0,00|0,00|0,00|0,00|0|||0,00|0,00|0,00|06|0,00|0,0000|||0,00|06|0,00|0,0000|||0,00|001|
|C170|2|1180|MAO DE OBRA TERCEIROS|1,00000|UND|150,00|0,00|0|090|5933|5933|0,00|0,00|0,00|0,00|0,00|0,00|0|||0,00|0,00|0,00|06|0,00|0,0000|||0,00|06|0,00|0,0000|||0,00|001|
|C100|1|0|88847686000363|55|00|1|703|29171211053630000140550010000007031000007035|27122017|27122017|1450,00|1|0,00|0,00|1450,00|0|0,00|0,00|0,00|0,00|0,00|0,00|0,00|0,00|0,00|0,00|0,00|0,00|
|C170|1|990|DESLOCAMENTO TÉCNICO|300,00000|UND|450,00|0,00|0|090|5933|5933|0,00|0,00|0,00|0,00|0,00|0,00|0|||0,00|0,00|0,00|06|0,00|0,0000|||0,00|06|0,00|0,0000|||0,00|001|
|C170|2|1726|MAO DE OBRA|1,00000|UND|1000,00|0,00|0|090|5933|5933|0,00|0,00|0,00|0,00|0,00|0,00|0|||0,00|0,00|0,00|06|0,00|0,0000|||0,00|06|0,00|0,0000|||0,00|001|
|C100|1|0|98517260520|55|00|1|704|29171211053630000140550010000007041000007040|27122017|27122017|202,50|1|0,00|0,00|202,50|0|0,00|0,00|0,00|0,00|0,00|0,00|0,00|0,00|0,00|0,00|0,00|0,00|
|C170|1|990|DESLOCAMENTO TÉCNICO|55,00000|UND|82,50|0,00|0|090|5933|5933|0,00|0,00|0,00|0,00|0,00|0,00|0|||0,00|0,00|0,00|06|0,00|0,0000|||0,00|06|0,00|0,0000|||0,00|001|
|C170|2|1726|MAO DE OBRA|1,00000|UND|120,00|0,00|0|090|5933|5933|0,00|0,00|0,00|0,00|0,00|0,00|0|||0,00|0,00|0,00|06|0,00|0,0000|||0,00|06|0,00|0,0000|||0,00|001|
|C100|1|0|75058367068|55|00|1|705|29171211053630000140550010000007051000007056|27122017|27122017|700,00|1|13,00|0,00|713,00|0|0,00|0,00|0,00|0,00|0,00|0,00|0,00|0,00|0,00|0,00|0,00|0,00|
|C170|1|990|DESLOCAMENTO TÉCNICO|122,00000|UND|179,66|3,34|0|090|5933|5933|0,00|0,00|0,00|0,00|0,00|0,00|0|||0,00|0,00|0,00|06|0,00|0,0000|||0,00|06|0,00|0,0000|||0,00|001|
|C170|2|1180|MAO DE OBRA TERCEIROS|1,00000|UND|373,07|6,93|0|090|5933|5933|0,00|0,00|0,00|0,00|0,00|0,00|0|||0,00|0,00|0,00|06|0,00|0,0000|||0,00|06|0,00|0,0000|||0,00|001|
|C170|3|1726|MAO DE OBRA|1,00000|UND|147,27|2,73|0|090|5933|5933|0,00|0,00|0,00|0,00|0,00|0,00|0|||0,00|0,00|0,00|06|0,00|0,0000|||0,00|06|0,00|0,0000|||0,00|001|
|C100|1|0|03043233492|55|00|1|706|29171211053630000140550010000007061000007061|28122017|28122017|350,00|1|0,00|0,00|350,00|0|0,00|0,00|0,00|0,00|0,00|0,00|0,00|0,00|0,00|0,00|0,00|0,00|
|C170|1|1726|MAO DE OBRA|1,00000|UND|350,00|0,00|0|090|5933|5933|0,00|0,00|0,00|0,00|0,00|0,00|0|||0,00|0,00|0,00|06|0,00|0,0000|||0,00|06|0,00|0,0000|||0,00|001|
|C100|1|0|37752030520|55|00|1|707|29171211053630000140550010000007071000007077|28122017|28122017|712,00|1|0,00|0,00|712,00|0|0,00|0,00|0,00|0,00|0,00|0,00|0,00|0,00|0,00|0,00|0,00|0,00|
|C170|1|990|DESLOCAMENTO TÉCNICO|208,00000|UND|312,00|0,00|0|090|5933|5933|0,00|0,00|0,00|0,00|0,00|0,00|0|||0,00|0,00|0,00|06|0,00|0,0000|||0,00|06|0,00|0,0000|||0,00|001|
|C170|2|1726|MAO DE OBRA|1,00000|UND|400,00|0,00|0|090|5933|5933|0,00|0,00|0,00|0,00|0,00|0,00|0|||0,00|0,00|0,00|06|0,00|0,0000|||0,00|06|0,00|0,0000|||0,00|001|
|C100|1|0|92645097553|55|00|1|708|29171211053630000140550010000007081000007082|29122017|29122017|1320,00|1|200,00|0,00|1520,00|0|0,00|0,00|0,00|0,00|0,00|0,00|0,00|0,00|0,00|0,00|0,00|0,00|
|C170|1|990|DESLOCAMENTO TÉCNICO|170,00000|UND|221,45|33,55|0|090|5933|5933|0,00|0,00|0,00|0,00|0,00|0,00|0|||0,00|0,00|0,00|06|0,00|0,0000|||0,00|06|0,00|0,0000|||0,00|001|
|C170|2|1180|MAO DE OBRA TERCEIROS|1,00000|UND|230,13|34,87|0|090|5933|5933|0,00|0,00|0,00|0,00|0,00|0,00|0|||0,00|0,00|0,00|06|0,00|0,0000|||0,00|06|0,00|0,0000|||0,00|001|
|C170|3|1726|MAO DE OBRA|1,00000|UND|868,42|131,58|0|090|5933|5933|0,00|0,00|0,00|0,00|0,00|0,00|0|||0,00|0,00|0,00|06|0,00|0,0000|||0,00|06|0,00|0,0000|||0,00|001|
|C100|1|0|01273669000462|55|00|1|709|29171211053630000140550010000007091000007098|29122017|29122017|526,00|1|0,00|0,00|526,00|0|0,00|0,00|0,00|0,00|0,00|0,00|0,00|0,00|0,00|0,00|0,00|0,00|
|C170|1|990|DESLOCAMENTO TÉCNICO|84,00000|UND|126,00|0,00|0|090|6933|6933|0,00|0,00|0,00|0,00|0,00|0,00|0|||0,00|0,00|0,00|06|0,00|0,0000|||0,00|06|0,00|0,0000|||0,00|002|
|C170|2|1726|MAO DE OBRA|1,00000|UND|400,00|0,00|0|090|6933|6933|0,00|0,00|0,00|0,00|0,00|0,00|0|||0,00|0,00|0,00|06|0,00|0,0000|||0,00|06|0,00|0,0000|||0,00|002|
|C100|1|0|01273669001191|55|00|1|710|29171211053630000140550010000007101000007102|29122017|29122017|314,00|1|0,00|0,00|314,00|0|0,00|0,00|0,00|0,00|0,00|0,00|0,00|0,00|0,00|0,00|0,00|0,00|
|C170|1|990|DESLOCAMENTO TÉCNICO|76,00000|UND|114,00|0,00|0|090|6933|6933|0,00|0,00|0,00|0,00|0,00|0,00|0|||0,00|0,00|0,00|06|0,00|0,0000|||0,00|06|0,00|0,0000|||0,00|002|
|C170|2|1726|MAO DE OBRA|1,00000|UND|200,00|0,00|0|090|6933|6933|0,00|0,00|0,00|0,00|0,00|0,00|0|||0,00|0,00|0,00|06|0,00|0,0000|||0,00|06|0,00|0,0000|||0,00|002|
|C100|1|0|77526996400|55|00|1|711|29171211053630000140550010000007111000007118|29122017|29122017|155,00|1|0,00|0,00|155,00|0|0,00|0,00|0,00|0,00|0,00|0,00|0,00|0,00|0,00|0,00|0,00|0,00|
|C170|1|990|DESLOCAMENTO TÉCNICO|50,00000|UND|75,00|0,00|0|090|5933|5933|0,00|0,00|0,00|0,00|0,00|0,00|0|||0,00|0,00|0,00|06|0,00|0,0000|||0,00|06|0,00|0,0000|||0,00|001|
|C170|2|1751|REVISAO 250 HORAS|1,00000|UND|80,00|0,00|0|090|5933|5933|0,00|0,00|0,00|0,00|0,00|0,00|0|||0,00|0,00|0,00|06|0,00|0,0000|||0,00|06|0,00|0,0000|||0,00|001|
|C100|1|0|63627396553|55|00|1|712|29171211053630000140550010000007121000007123|29122017|29122017|650,00|1|0,00|0,00|650,00|0|0,00|0,00|0,00|0,00|0,00|0,00|0,00|0,00|0,00|0,00|0,00|0,00|
|C170|1|989|MAO DE OBRA TERCEIRO TORNO|1,00000|UND|250,00|0,00|0|090|5933|5933|0,00|0,00|0,00|0,00|0,00|0,00|0|||0,00|0,00|0,00|06|0,00|0,0000|||0,00|06|0,00|0,0000|||0,00|001|
|C170|2|992|REVISAO DE 1000 HORAS|1,00000|UND|400,00|0,00|0|090|5933|5933|0,00|0,00|0,00|0,00|0,00|0,00|0|||0,00|0,00|0,00|06|0,00|0,0000|||0,00|06|0,00|0,0000|||0,00|001|
|C100|1|0|91108918549|55|00|1|713|29171211053630000140550010000007131000007139|29122017|29122017|120,00|1|0,00|0,00|120,00|0|0,00|0,00|0,00|0,00|0,00|0,00|0,00|0,00|0,00|0,00|0,00|0,00|
|C170|1|1726|MAO DE OBRA|1,00000|UND|120,00|0,00|0|090|5933|5933|0,00|0,00|0,00|0,00|0,00|0,00|0|||0,00|0,00|0,00|06|0,00|0,0000|||0,00|06|0,00|0,0000|||0,00|001|
|C100|1|0|85598275520|55|00|1|714|29171211053630000140550010000007141000007144|30122017|30122017|715,00|1|0,00|0,00|715,00|0|0,00|0,00|0,00|0,00|0,00|0,00|0,00|0,00|0,00|0,00|0,00|0,00|
|C170|1|990|DESLOCAMENTO TÉCNICO|200,00000|UND|300,00|0,00|0|090|5933|5933|0,00|0,00|0,00|0,00|0,00|0,00|0|||0,00|0,00|0,00|06|0,00|0,0000|||0,00|06|0,00|0,0000|||0,00|001|
|C170|2|1180|MAO DE OBRA TERCEIROS|1,00000|UND|265,00|0,00|0|090|5933|5933|0,00|0,00|0,00|0,00|0,00|0,00|0|||0,00|0,00|0,00|06|0,00|0,0000|||0,00|06|0,00|0,0000|||0,00|001|
|C170|3|2014|REVISAO 2000 HORAS|1,00000|UND|150,00|0,00|0|090|5933|5933|0,00|0,00|0,00|0,00|0,00|0,00|0|||0,00|0,00|0,00|06|0,00|0,0000|||0,00|06|0,00|0,0000|||0,00|001|
|C100|1|0|02542075530|55|00|1|715|29171211053630000140550010000007151000007150|30122017|30122017|1574,00|1|0,00|0,00|1574,00|0|0,00|0,00|0,00|0,00|0,00|0,00|0,00|0,00|0,00|0,00|0,00|0,00|
|C170|1|986|MAO DE OBRA ELETRICA|1,00000|UND|700,00|0,00|0|090|5933|5933|0,00|0,00|0,00|0,00|0,00|0,00|0|||0,00|0,00|0,00|06|0,00|0,0000|||0,00|06|0,00|0,0000|||0,00|001|
|C170|2|1180|MAO DE OBRA TERCEIROS|1,00000|UND|374,00|0,00|0|090|5933|5933|0,00|0,00|0,00|0,00|0,00|0,00|0|||0,00|0,00|0,00|06|0,00|0,0000|||0,00|06|0,00|0,0000|||0,00|001|
|C170|3|1726|MAO DE OBRA|1,00000|UND|500,00|0,00|0|090|5933|5933|0,00|0,00|0,00|0,00|0,00|0,00|0|||0,00|0,00|0,00|06|0,00|0,0000|||0,00|06|0,00|0,0000|||0,00|001|
|C100|0|1|18576674000102|55|00|1|1092|29171218576674000102550010000010921298115805|12122017|14122017|302,00|1|0,00|0,00|302,00|1|0,00|0,00|0,00|0,00|0,00|0,00|0,00|0,00|1,44|6,66|0,00|0,00|
|C170|1|4589|FILTRO OLEO MOTOR U60|2,00000|PC|80,00|0,00|0||1403|1403|0,00|0,00|0,00|0,00|0,00|0,00|0|49||0,00|0,00|0,00|73|0,00|0,0000|||0,00|73|0,00|0,0000|||0,00||
|C170|2|4590|FILTRO COMBUSTIVEL|2,00000|PC|80,00|0,00|0||1403|1403|0,00|0,00|0,00|0,00|0,00|0,00|0|49||0,00|0,00|0,00|73|80,00|0,6500|||0,52|73|80,00|3,0000|||2,40||
|C170|3|6656|CABO DO ACELERADOR DE MAO|1,00000|UND|142,00|0,00|0||1403|1403|0,00|0,00|0,00|0,00|0,00|0,00|0|49||0,00|0,00|0,00|73|142,00|0,6500|||0,92|73|142,00|3,0000|||4,26||
|C100|0|1|14370908000282|55|00|1|2969|29171214370908000282550010000029691000029699|27122017|27122017|62,00|1|0,00|0,00|62,00|1|0,00|0,00|0,00|0,00|0,00|0,00|0,00|0,00|1,02|4,71|0,00|0,00|
|C170|1|6698|RETENTOR DE BORRACHA|1,00000|UND|62,00|0,00|0|060|1403|1403|0,00|0,00|0,00|0,00|0,00|0,00|0|49||0,00|0,00|0,00|73|62,00|1,6500|||1,02|73|62,00|7,6000|||4,71||
|C100|0|1|09496469000138|55|00|1|4978|35171109496469000138550010000049781163281930|24112017|05122017|1244,60|1|0,00|0,00|1152,25|1|0,00|0,00|0,00|0,00|0,00|0,00|0,00|0,00|0,00|0,00|0,00|0,00|
|C170|1|769|BUJAO MB-42|10,00000|PC|61,60|0,00|0||2102|2102|0,00|0,00|0,00|0,00|0,00|0,00|0|49||0,00|0,00|0,00|73|0,00|0,0000|||0,00|73|0,00|0,0000|||0,00||
|C170|2|2239|JUNTA|5,00000|PC|12,25|0,00|0||2102|2102|0,00|0,00|0,00|0,00|0,00|0,00|0|49||0,00|0,00|0,00|73|0,00|0,0000|||0,00|73|0,00|0,0000|||0,00||
|C170|3|2325|CABECOTE|2,00000|PC|337,80|0,00|0||2102|2102|0,00|0,00|0,00|0,00|0,00|0,00|0|49||0,00|0,00|0,00|73|0,00|0,0000|||0,00|73|0,00|0,0000|||0,00||
|C170|4|3273|CABECOTE BOMBA JP-75|3,00000|PC|196,50|0,00|0||2102|2102|0,00|0,00|0,00|0,00|0,00|0,00|0|49||0,00|0,00|0,00|73|0,00|0,0000|||0,00|73|0,00|0,0000|||0,00||
|C170|5|4596|TAMPA DAS VALVULAS|2,00000|PC|85,80|0,00|0||2102|2102|0,00|0,00|0,00|0,00|0,00|0,00|0|49||0,00|0,00|0,00|73|0,00|0,0000|||0,00|73|0,00|0,0000|||0,00||
|C170|6|6365|CORPO DA VALVULA|2,00000|PC|339,80|0,00|0||2102|2102|0,00|0,00|0,00|0,00|0,00|0,00|0|49||0,00|0,00|0,00|73|0,00|0,0000|||0,00|73|0,00|0,0000|||0,00||
|C170|7|6387|VALVULA COM INSERTO|15,00000|PC|118,50|0,00|0||2102|2102|0,00|0,00|0,00|0,00|0,00|0,00|0|49||0,00|0,00|0,00|73|0,00|0,0000|||0,00|73|0,00|0,0000|||0,00||
|C100|0|1|09496469000138|55|00|1|5081|35171209496469000138550010000050811096805868|11122017|20122017|716,33|1|0,00|0,00|640,87|1|0,00|0,00|0,00|0,00|0,00|0,00|0,00|0,00|0,00|0,00|0,00|0,00|
|C170|1|697|MOLA|10,00000|PC|25,50|0,00|0||2102|2102|0,00|0,00|0,00|0,00|0,00|0,00|0|49||0,00|0,00|0,00|73|0,00|0,0000|||0,00|73|0,00|0,0000|||0,00||
|C170|2|2431|ALAVANCA|10,00000|PC|92,00|0,00|0||2102|2102|0,00|0,00|0,00|0,00|0,00|0,00|0|49||0,00|0,00|0,00|73|0,00|0,0000|||0,00|73|0,00|0,0000|||0,00||
|C170|3|3631|VALVULA|3,00000|PC|42,06|0,00|0||2102|2102|0,00|0,00|0,00|0,00|0,00|0,00|0|49||0,00|0,00|0,00|73|0,00|0,0000|||0,00|73|0,00|0,0000|||0,00||
|C170|4|4596|TAMPA DAS VALVULAS|4,00000|PC|171,60|0,00|0||2102|2102|0,00|0,00|0,00|0,00|0,00|0,00|0|49||0,00|0,00|0,00|73|0,00|0,0000|||0,00|73|0,00|0,0000|||0,00||
|C170|5|5751|VALVULA  JP 75/100|18,00000|PC|184,68|0,00|0||2102|2102|0,00|0,00|0,00|0,00|0,00|0,00|0|49||0,00|0,00|0,00|73|0,00|0,0000|||0,00|73|0,00|0,0000|||0,00||
|C170|6|6366|TAMPA DAS VALVULAS 150 SAIDA|1,00000|PC|125,03|0,00|0||2102|2102|0,00|0,00|0,00|0,00|0,00|0,00|0|49||0,00|0,00|0,00|73|0,00|0,0000|||0,00|73|0,00|0,0000|||0,00||
|C100|1|0|91212170504|55|00|1|6791|29171211053630000140550010000067911000067917|01122017|01122017|290,00|0|21,00|0,00|311,00|9|0,00|0,00|0,00|0,00|0,00|0,00|0,00|0,00|5,14|23,65|0,00|0,00|
|C170|1|65|FILTRO CURTO - 836015106|1,00000|PC|10,00|1,00|0|060|5403|5403|0,00|0,00|0,00|0,00|0,00|0,00|0|||0,00|0,00|0,00|01|11,00|1,6500|||0,18|01|11,00|7,6000|||0,84||
|C170|2|215|FILTRO COMBUSTIVEL - 81248200|1,00000|PC|16,00|2,00|0|060|5403|5403|0,00|0,00|0,00|0,00|0,00|0,00|0|||0,00|0,00|0,00|01|18,00|1,6500|||0,30|01|18,00|7,6000|||1,37||
|C170|3|527|FILTRO SEDIMENTADOR|1,00000|PC|28,00|3,00|0|060|5403|5403|0,00|0,00|0,00|0,00|0,00|0,00|0|||0,00|0,00|0,00|01|31,00|1,6500|||0,51|01|31,00|7,6000|||2,36||
|C170|4|538|FILTRO LUBRIFACANTE - 71028|2,00000|PC|58,00|6,00|0|060|5403|5403|0,00|0,00|0,00|0,00|0,00|0,00|0|||0,00|0,00|0,00|01|64,00|1,6500|||1,06|01|64,00|7,6000|||4,86||
|C170|5|966|SHELL RIMULA RT4 X 15W40 GALAO 4L|1,00000|GL|77,00|4,00|0|060|5403|5403|0,00|0,00|0,00|0,00|0,00|0,00|0|||0,00|0,00|0,00|01|81,00|1,6500|||1,34|01|81,00|7,6000|||6,16||
|C170|6|2720|FILTRO COMBUSTIVEL|1,00000|PC|31,00|0,00|0|060|5403|5403|0,00|0,00|0,00|0,00|0,00|0,00|0|||0,00|0,00|0,00|01|31,00|1,6500|||0,51|01|31,00|7,6000|||2,36||
|C170|7|6159|TEXACO 40 1LT|5,00000|UND|70,00|5,00|0|060|5403|5403|0,00|0,00|0,00|0,00|0,00|0,00|0|||0,00|0,00|0,00|01|75,00|1,6500|||1,24|01|75,00|7,6000|||5,70||
|C100|1|0||55|02|1|6794|29171211053630000140550010000067941000067943|||||||||||||||||||||
|C100|1|0|10060928468|55|00|1|6795|29171211053630000140550010000067951000067959|05122017|05122017|150,00|1|2,00|0,00|152,00|0|0,00|0,00|152,00|0,00|0,00|0,00|0,00|0,00|0,00|0,00|0,00|0,00|
|C170|1|1901|CORREIA B42|2,00000|PC|92,76|1,24|0|060|5405|5405|0,00|12,00|0,00|0,00|0,00|0,00|0|||0,00|0,00|0,00|06|0,00|0,0000|||0,00|06|0,00|0,0000|||0,00||
|C170|2|4405|VALVULA|1,00000|PC|57,24|0,76|0|060|5405|5405|0,00|12,00|0,00|0,00|0,00|0,00|0|||0,00|0,00|0,00|06|0,00|0,0000|||0,00|06|0,00|0,0000|||0,00||
|C100|1|0|75605368400|55|00|1|6796|29171211053630000140550010000067961000067964|05122017|05122017|270,00|1|7,00|0,00|277,00|0|0,00|0,00|277,00|0,00|0,00|0,00|0,00|0,00|0,00|0,00|0,00|0,00|
|C170|1|3146|LUBRAX THF11 20L|1,00000|BD|270,00|7,00|0|060|6404|6404|0,00|12,00|0,00|0,00|0,00|0,00|0|||0,00|0,00|0,00|06|0,00|0,0000|||0,00|06|0,00|0,0000|||0,00||
|C100|1|0|63627396553|55|00|1|6797|29171211053630000140550010000067971000067970|05122017|05122017|400,00|1|2,00|0,00|402,00|0|0,00|0,00|402,00|0,00|0,00|0,00|0,00|0,00|0,00|0,00|0,00|0,00|
|C170|1|538|FILTRO LUBRIFACANTE - 71028|2,00000|PC|63,68|0,32|0|060|5403|5403|0,00|12,00|0,00|0,00|0,00|0,00|0|||0,00|0,00|0,00|06|0,00|0,0000|||0,00|06|0,00|0,0000|||0,00||
|C170|2|2997|LUBRAX EXTRA TURBO 15W40 20L|1,00000|BD|244,78|1,22|0|060|5403|5403|0,00|12,00|0,00|0,00|0,00|0,00|0|||0,00|0,00|0,00|06|0,00|0,0000|||0,00|06|0,00|0,0000|||0,00||
|C170|3|3147|LUBRAX THF11 3L|2,00000|PC|91,54|0,46|0|060|5403|5403|0,00|12,00|0,00|0,00|0,00|0,00|0|||0,00|0,00|0,00|06|0,00|0,0000|||0,00|06|0,00|0,0000|||0,00||
|C100|1|0|07864124534|55|00|1|6798|29171211053630000140550010000067981000067985|05122017|05122017|280,00|1|8,00|0,00|288,00|0|0,00|0,00|288,00|0,00|0,00|0,00|0,00|0,00|0,00|0,00|0,00|0,00|
|C170|1|180|SHELL WBF 100 BALDE 20 L|1,00000|BD|280,00|8,00|0|060|5405|5405|0,00|12,00|0,00|0,00|0,00|0,00|0|||0,00|0,00|0,00|06|0,00|0,0000|||0,00|06|0,00|0,0000|||0,00||
|C100|1|0||55|02|1|6799|29171211053630000140550010000067991000067990|||||||||||||||||||||
|C100|1|0|96832076000152|55|00|1|6800|29171211053630000140550010000068001000068000|05122017|05122017|13,50|1|0,00|0,00|13,50|0|0,00|0,00|13,50|0,00|0,00|0,00|0,00|0,00|0,00|0,00|0,00|0,00|
|C170|1|299|PARAFUSO ALAV. EMBREAGEM|3,00000|PC|13,50|0,00|0|060|5403|5403|0,00|12,00|0,00|0,00|0,00|0,00|0|||0,00|0,00|0,00|06|0,00|0,0000|||0,00|06|0,00|0,0000|||0,00||
|C100|1|0|04899037000669|55|00|1|6801|29171211053630000140550010000068011000068016|06122017|06122017|130,00|1|0,00|0,00|130,00|0|0,00|0,00|130,00|0,00|0,00|0,00|0,00|0,00|0,00|0,00|0,00|0,00|
|C170|1|4596|TAMPA DAS VALVULAS|2,00000|PC|130,00|0,00|0|060|6404|6404|0,00|12,00|0,00|0,00|0,00|0,00|0|||0,00|0,00|0,00|06|0,00|0,0000|||0,00|06|0,00|0,0000|||0,00||
|C100|1|0|12786836000304|55|00|1|6802|29171211053630000140550010000068021000068021|06122017|06122017|602,00|1|0,00|0,00|602,00|0|0,00|0,00|602,00|0,00|0,00|0,00|0,00|0,00|0,00|0,00|0,00|0,00|
|C170|1|320|FILTRO HIDRAULICO|2,00000|PC|260,00|0,00|0|060|5403|5403|0,00|12,00|0,00|0,00|0,00|0,00|0|||0,00|0,00|0,00|06|0,00|0,0000|||0,00|06|0,00|0,0000|||0,00||
|C170|2|2254|FILTRO DO COMBUSTIVEL|3,00000|PC|342,00|0,00|0|060|5403|5403|0,00|12,00|0,00|0,00|0,00|0,00|0|||0,00|0,00|0,00|06|0,00|0,0000|||0,00|06|0,00|0,0000|||0,00||
|C100|1|0|37752030520|55|00|1|6803|29171211053630000140550010000068031000068037|06122017|06122017|1374,00|1|8,00|0,00|1382,00|0|0,00|0,00|1382,00|0,00|0,00|0,00|0,00|0,00|0,00|0,00|0,00|0,00|
|C170|1|319|CORPO DA BB. 3148762|1,00000|PC|382,77|2,23|0|060|6403|6403|0,00|12,00|0,00|0,00|0,00|0,00|0|||0,00|0,00|0,00|06|0,00|0,0000|||0,00|06|0,00|0,0000|||0,00||
|C170|2|919|RETENTOR DUPLO|2,00000|PC|113,34|0,66|0|060|6403|6403|0,00|12,00|0,00|0,00|0,00|0,00|0|||0,00|0,00|0,00|06|0,00|0,0000|||0,00|06|0,00|0,0000|||0,00||
|C170|3|2396|PARAFUSO DO GARFO|2,00000|PC|23,86|0,14|0|060|6403|6403|0,00|12,00|0,00|0,00|0,00|0,00|0|||0,00|0,00|0,00|06|0,00|0,0000|||0,00|06|0,00|0,0000|||0,00||
|C170|4|2610|DISCO EMBREAGEM|1,00000|PC|483,19|2,81|0|060|6403|6403|0,00|12,00|0,00|0,00|0,00|0,00|0|||0,00|0,00|0,00|06|0,00|0,0000|||0,00|06|0,00|0,0000|||0,00||
|C170|5|3007|REPARO EMBREAGEM MOLA VERMELHA|1,00000|JG|356,92|2,08|0|060|6403|6403|0,00|12,00|0,00|0,00|0,00|0,00|0|||0,00|0,00|0,00|06|0,00|0,0000|||0,00|06|0,00|0,0000|||0,00||
|C170|6|3217|RETENTOR DA FLANGE|1,00000|PC|13,92|0,08|0|060|6403|6403|0,00|12,00|0,00|0,00|0,00|0,00|0|||0,00|0,00|0,00|06|0,00|0,0000|||0,00|06|0,00|0,0000|||0,00||
|C100|1|0|88387372404|55|00|1|6804|29171211053630000140550010000068041000068042|06122017|06122017|245,00|1|0,00|0,00|245,00|0|0,00|0,00|245,00|0,00|0,00|0,00|0,00|0,00|0,00|0,00|0,00|0,00|
|C170|1|1125|PAR ROCADOR 1,70MM|1,00000|PC|200,00|0,00|0|060|5405|5405|0,00|12,00|0,00|0,00|0,00|0,00|0|||0,00|0,00|0,00|06|0,00|0,0000|||0,00|06|0,00|0,0000|||0,00||
|C170|2|2621|PARAFUSO FACA ROCADEIRA|2,00000|PC|45,00|0,00|0|060|5405|5405|0,00|12,00|0,00|0,00|0,00|0,00|0|||0,00|0,00|0,00|06|0,00|0,0000|||0,00|06|0,00|0,0000|||0,00||
|C100|1|0|99903911572|55|00|1|6805|29171211053630000140550010000068051000068058|06122017|06122017|126,00|1|0,00|0,00|126,00|0|0,00|0,00|126,00|0,00|0,00|0,00|0,00|0,00|0,00|0,00|0,00|0,00|
|C170|1|2099|BICO SUBSOLADOR REFORCADO|3,00000|PC|126,00|0,00|0|060|5405|5405|0,00|12,00|0,00|0,00|0,00|0,00|0|||0,00|0,00|0,00|06|0,00|0,0000|||0,00|06|0,00|0,0000|||0,00||
|C100|1|0|01139859595|55|00|1|6806|29171211053630000140550010000068061000068063|06122017|06122017|285,00|1|0,00|0,00|285,00|0|0,00|0,00|285,00|0,00|0,00|0,00|0,00|0,00|0,00|0,00|0,00|0,00|
|C170|1|470|JOGO DE REPARO - 117952|1,00000|PC|65,00|0,00|0|060|5405|5405|0,00|12,00|0,00|0,00|0,00|0,00|0|||0,00|0,00|0,00|06|0,00|0,0000|||0,00|06|0,00|0,0000|||0,00||
|C170|2|2259|CILINDRO|1,00000|PC|220,00|0,00|0|060|5405|5405|0,00|12,00|0,00|0,00|0,00|0,00|0|||0,00|0,00|0,00|06|0,00|0,0000|||0,00|06|0,00|0,0000|||0,00||
|C100|1|0|01255110511|55|00|1|6807|29171211053630000140550010000068071000068079|07122017|07122017|285,00|1|0,00|0,00|285,00|0|0,00|0,00|285,00|0,00|0,00|0,00|0,00|0,00|0,00|0,00|0,00|0,00|
|C170|1|471|FILTRO DE AR INTERNO|1,00000|PC|55,00|0,00|0|060|5405|5405|0,00|12,00|0,00|0,00|0,00|0,00|0|||0,00|0,00|0,00|06|0,00|0,0000|||0,00|06|0,00|0,0000|||0,00||
|C170|2|1403|FILTRO LUBRIFICANTE - 1909102|1,00000|PC|90,00|0,00|0|060|5405|5405|0,00|12,00|0,00|0,00|0,00|0,00|0|||0,00|0,00|0,00|06|0,00|0,0000|||0,00|06|0,00|0,0000|||0,00||
|C170|3|1589|FILTRO DE AR EXTERNO|1,00000|PC|78,00|0,00|0|060|5405|5405|0,00|12,00|0,00|0,00|0,00|0,00|0|||0,00|0,00|0,00|06|0,00|0,0000|||0,00|06|0,00|0,0000|||0,00||
|C170|4|2720|FILTRO COMBUSTIVEL|2,00000|PC|62,00|0,00|0|060|5405|5405|0,00|12,00|0,00|0,00|0,00|0,00|0|||0,00|0,00|0,00|06|0,00|0,0000|||0,00|06|0,00|0,0000|||0,00||
|C100|1|0|00855109475|55|00|1|6808|29171211053630000140550010000068081000068084|07122017|07122017|550,00|1|45,00|0,00|595,00|0|0,00|0,00|563,91|29,73|2,36|0,00|0,00|0,00|0,00|0,00|0,00|0,00|
|C170|1|168|FILTRO LUBRIFICANTE|1,00000|PC|39,75|3,25|0|020|5405|5405|13,09|18,00|2,36|0,00|0,00|0,00|0|||0,00|0,00|0,00|06|0,00|0,0000|||0,00|06|0,00|0,0000|||0,00||
|C170|2|207|FILTRO DE AR EXTERNO|2,00000|PC|107,23|8,77|0|060|5405|5405|0,00|12,00|0,00|0,00|0,00|0,00|0|||0,00|0,00|0,00|06|0,00|0,0000|||0,00|06|0,00|0,0000|||0,00||
|C170|3|215|FILTRO COMBUSTIVEL - 81248200|1,00000|PC|16,64|1,36|0|010|5405|5405|16,64|0,00|0,00|0,00|0,00|0,00|0|||0,00|0,00|0,00|06|0,00|0,0000|||0,00|06|0,00|0,0000|||0,00||
|C170|4|471|FILTRO DE AR INTERNO|2,00000|PC|101,68|8,32|0|060|5405|5405|0,00|12,00|0,00|0,00|0,00|0,00|0|||0,00|0,00|0,00|06|0,00|0,0000|||0,00|06|0,00|0,0000|||0,00||
|C170|5|2720|FILTRO COMBUSTIVEL|2,00000|PC|57,31|4,69|0|060|5405|5405|0,00|12,00|0,00|0,00|0,00|0,00|0|||0,00|0,00|0,00|06|0,00|0,0000|||0,00|06|0,00|0,0000|||0,00||
|C170|6|2997|LUBRAX EXTRA TURBO 15W40 20L|1,00000|BD|227,39|18,61|0|060|5405|5405|0,00|12,00|0,00|0,00|0,00|0,00|0|||0,00|0,00|0,00|06|0,00|0,0000|||0,00|06|0,00|0,0000|||0,00||
|C100|1|0|25840061468|55|00|1|6809|29171211053630000140550010000068091000068090|08122017|08122017|260,00|0|40,00|0,00|300,00|0|0,00|0,00|20,12|239,88|1,78|0,00|0,00|0,00|0,00|0,00|0,00|0,00|
|C170|1|2146|FILTRO BICO MALHA 50 - M142/1|20,00000|PC|30,00|0,00|0|020|5405|5405|9,88|18,00|1,78|0,00|0,00|0,00|0|||0,00|0,00|0,00|06|0,00|0,0000|||0,00|06|0,00|0,0000|||0,00||
|C170|2|6057|BICO CERAMICA CONE VAZIO MAG 5|30,00000|UND|230,00|40,00|0|010|5405|5405|230,00|0,00|0,00|0,00|0,00|0,00|0|||0,00|0,00|0,00|06|0,00|0,0000|||0,00|06|0,00|0,0000|||0,00||
|C100|1|0|44551290572|55|00|1|6810|29171211053630000140550010000068101000068104|08122017|08122017|30,00|1|2,00|0,00|32,00|0|0,00|0,00|6,91|23,71|0,56|0,00|0,00|0,00|0,00|0,00|0,00|0,00|
|C170|1|1415|ABRACADEIRA LARGA 22X32 ( 423814)|2,00000|PC|9,38|0,62|0|020|5405|5405|3,09|18,00|0,56|0,00|0,00|0,00|0|||0,00|0,00|0,00|06|0,00|0,0000|||0,00|06|0,00|0,0000|||0,00||
|C170|2|6197|MANGUEIRA LARANJA 3/4|2,00000|MT|20,62|1,38|0|010|5405|5405|20,62|0,00|0,00|0,00|0,00|0,00|0|||0,00|0,00|0,00|06|0,00|0,0000|||0,00|06|0,00|0,0000|||0,00||
|C100|1|0|90943759587|55|00|1|6811|29171211053630000140550010000068111000068110|08122017|08122017|30,00|0|4,50|0,00|34,50|0|0,00|0,00|24,61|9,89|1,78|0,00|0,00|0,00|0,00|0,00|0,00|0,00|
|C170|1|1002|PARAFUSO DISCO ARADO C/ PORCA|9,00000|UND|15,65|2,35|0|020|5405|5405|5,16|18,00|0,93|0,00|0,00|0,00|0|||0,00|0,00|0,00|06|0,00|0,0000|||0,00|06|0,00|0,0000|||0,00||
|C170|2|1753|ANEL|4,00000|PC|3,48|0,52|0|020|5405|5405|1,15|18,00|0,21|0,00|0,00|0,00|0|||0,00|0,00|0,00|06|0,00|0,0000|||0,00|06|0,00|0,0000|||0,00||
|C170|3|2136|ARRUELA DE PRESSÃO 1/2|9,00000|PC|3,91|0,59|0|020|5405|5405|1,29|18,00|0,23|0,00|0,00|0,00|0|||0,00|0,00|0,00|06|0,00|0,0000|||0,00|06|0,00|0,0000|||0,00||
|C170|4|2178|ABRACADEIRA ( 14X22 ) 107664|4,00000|PC|6,96|1,04|0|020|5405|5405|2,29|18,00|0,41|0,00|0,00|0,00|0|||0,00|0,00|0,00|06|0,00|0,0000|||0,00|06|0,00|0,0000|||0,00||
|C100|1|0|50480162549|55|00|1|6812|29171211053630000140550010000068121000068125|08122017|08122017|150,00|1|38,00|0,00|188,00|0|0,00|0,00|138,59|49,41|8,89|0,00|0,00|0,00|0,00|0,00|0,00|0,00|
|C170|1|6644|PENEIRA AREIA|1,00000|PC|31,12|7,88|0|020|5405|5405|10,25|18,00|1,84|0,00|0,00|0,00|0|||0,00|0,00|0,00|06|0,00|0,0000|||0,00|06|0,00|0,0000|||0,00||
|C170|2|6645|RODA MACICA|1,00000|PC|118,88|30,12|0|020|5405|5405|39,16|18,00|7,05|0,00|0,00|0,00|0|||0,00|0,00|0,00|06|0,00|0,0000|||0,00|06|0,00|0,0000|||0,00||
|C100|1|0|06153897000412|55|00|1|6813|29171211053630000140550010000068131000068130|08122017|08122017|3180,00|1|0,00|0,00|3180,00|0|0,00|0,00|143,33|3036,67|10,01|0,00|0,00|0,00|0,00|0,00|0,00|0,00|
|C170|1|1143|ESTOPA 010|1,00000|UND|2,00|0,00|0|020|5405|5405|0,66|18,00|0,12|0,00|0,00|0,00|0|||0,00|0,00|0,00|06|0,00|0,0000|||0,00|06|0,00|0,0000|||0,00||
|C170|2|1415|ABRACADEIRA LARGA 22X32 ( 423814)|2,00000|PC|10,00|0,00|0|020|5405|5405|3,29|18,00|0,59|0,00|0,00|0,00|0|||0,00|0,00|0,00|06|0,00|0,0000|||0,00|06|0,00|0,0000|||0,00||
|C170|3|1419|ABRACADEIRA LARGA 25X35 ( 330969 )|2,00000|PC|10,00|0,00|0|020|5405|5405|3,29|18,00|0,59|0,00|0,00|0,00|0|||0,00|0,00|0,00|06|0,00|0,0000|||0,00|06|0,00|0,0000|||0,00||
|C170|4|1430|COLA SILICONE PRETA|1,00000|PC|12,00|0,00|0|020|5405|5405|3,95|18,00|0,71|0,00|0,00|0,00|0|||0,00|0,00|0,00|06|0,00|0,0000|||0,00|06|0,00|0,0000|||0,00||
|C170|5|2293|MANGUEIRA 3/4|2,00000|PC|52,00|0,00|0|020|5405|5405|17,13|18,00|3,08|0,00|0,00|0,00|0|||0,00|0,00|0,00|06|0,00|0,0000|||0,00|06|0,00|0,0000|||0,00||
|C170|6|3006|NIPLE DUPLO|1,00000|PC|24,00|0,00|0|020|5405|5405|7,91|18,00|1,42|0,00|0,00|0,00|0|||0,00|0,00|0,00|06|0,00|0,0000|||0,00|06|0,00|0,0000|||0,00||
|C170|7|3006|NIPLE DUPLO|1,00000|PC|24,00|0,00|0|020|5405|5405|7,91|18,00|1,42|0,00|0,00|0,00|0|||0,00|0,00|0,00|06|0,00|0,0000|||0,00|06|0,00|0,0000|||0,00||
|C170|8|4750|JOGO REPARO BOMBA - M227|1,00000|PC|70,00|0,00|0|010|5405|5405|70,00|0,00|0,00|0,00|0,00|0,00|0|||0,00|0,00|0,00|06|0,00|0,0000|||0,00|06|0,00|0,0000|||0,00||
|C170|9|4861|BICO 3/4|2,00000|PC|176,00|0,00|0|010|5405|5405|176,00|0,00|0,00|0,00|0,00|0,00|0|||0,00|0,00|0,00|06|0,00|0,0000|||0,00|06|0,00|0,0000|||0,00||
|C170|10|4906|CHAVETA|1,00000|PC|4,00|0,00|0|010|5405|5405|4,00|0,00|0,00|0,00|0,00|0,00|0|||0,00|0,00|0,00|06|0,00|0,0000|||0,00|06|0,00|0,0000|||0,00||
|C170|11|5357|BOMBA|1,00000|PC|2700,00|0,00|0|010|5405|5405|2700,00|0,00|0,00|0,00|0,00|0,00|0|||0,00|0,00|0,00|06|0,00|0,0000|||0,00|06|0,00|0,0000|||0,00||
|C170|12|5990|CONECTOR 3/4 X 3/4 PORCA GARRA|1,00000|PC|21,00|0,00|0|010|5405|5405|21,00|0,00|0,00|0,00|0,00|0,00|0|||0,00|0,00|0,00|06|0,00|0,0000|||0,00|06|0,00|0,0000|||0,00||
|C170|13|6159|TEXACO 40 1LT|2,00000|UND|30,00|0,00|0|060|5405|5405|0,00|12,00|0,00|0,00|0,00|0,00|0|||0,00|0,00|0,00|06|0,00|0,0000|||0,00|06|0,00|0,0000|||0,00||
|C170|14|6192|MANGUEIRA SUCCAO 1.1/4|1,00000|MT|10,00|0,00|0|010|5405|5405|10,00|0,00|0,00|0,00|0,00|0,00|0|||0,00|0,00|0,00|06|0,00|0,0000|||0,00|06|0,00|0,0000|||0,00||
|C170|15|6615|CURVA MACHO/FEMEA|1,00000|PC|35,00|0,00|0|020|5405|5405|11,53|18,00|2,08|0,00|0,00|0,00|0|||0,00|0,00|0,00|06|0,00|0,0000|||0,00|06|0,00|0,0000|||0,00||
|C100|1|0|51924552515|55|00|1|6814|29171211053630000140550010000068141000068146|08122017|08122017|40,00|0|0,00|0,00|40,00|0|0,00|0,00|0,00|40,00|0,00|0,00|0,00|0,00|0,00|0,00|0,00|0,00|
|C170|1|324|HASTE DE ACIONAMENTO|1,00000|PC|15,00|0,00|0|010|5405|5405|15,00|0,00|0,00|0,00|0,00|0,00|0|||0,00|0,00|0,00|06|0,00|0,0000|||0,00|06|0,00|0,0000|||0,00||
|C170|2|685|ALAVANCA DE ACIONAMENTO|1,00000|PC|25,00|0,00|0|010|5405|5405|25,00|0,00|0,00|0,00|0,00|0,00|0|||0,00|0,00|0,00|06|0,00|0,0000|||0,00|06|0,00|0,0000|||0,00||
|C100|1|0|26995794400|55|00|1|6815|29171211053630000140550010000068151000068151|08122017|08122017|1547,50|1|265,15|0,00|1812,65|0|0,00|0,00|343,27|1301,63|156,18|0,00|0,00|0,00|0,00|0,00|0,00|0,00|
|C170|1|180|SHELL WBF 100 BALDE 20 L|1,00000|BD|245,87|42,13|0|060|5405|5405|0,00|12,00|0,00|0,00|0,00|0,00|0|||0,00|0,00|0,00|06|0,00|0,0000|||0,00|06|0,00|0,0000|||0,00||
|C170|2|472|CUPILHA 5 / 32 X 2.1 / 2|1,00000|PC|0,55|0,10|0|010|5405|5405|0,55|12,00|0,07|0,00|0,00|0,00|0|||0,00|0,00|0,00|06|0,00|0,0000|||0,00|06|0,00|0,0000|||0,00||
|C170|3|1203|BICO 3/4|1,00000|PC|7,68|1,32|0|010|5405|5405|7,68|12,00|0,92|0,00|0,00|0,00|0|||0,00|0,00|0,00|06|0,00|0,0000|||0,00|06|0,00|0,0000|||0,00||
|C170|4|1226|TAMPAO|1,00000|PC|14,51|2,49|0|010|5405|5405|14,51|12,00|1,74|0,00|0,00|0,00|0|||0,00|0,00|0,00|06|0,00|0,0000|||0,00|06|0,00|0,0000|||0,00||
|C170|5|1365|MANGUEIRA 3/4|2,00000|PC|23,90|4,10|0|020|5405|5405|23,90|12,00|2,87|0,00|0,00|0,00|0|||0,00|0,00|0,00|06|0,00|0,0000|||0,00|06|0,00|0,0000|||0,00||
|C170|6|1415|ABRACADEIRA LARGA 22X32 ( 423814)|2,00000|PC|8,54|1,46|0|020|5405|5405|8,54|12,00|1,02|0,00|0,00|0,00|0|||0,00|0,00|0,00|06|0,00|0,0000|||0,00|06|0,00|0,0000|||0,00||
|C170|7|1416|BICO DE ENGATE 3/4|1,00000|PC|46,95|8,05|0|020|5405|5405|46,95|12,00|5,63|0,00|0,00|0,00|0|||0,00|0,00|0,00|06|0,00|0,0000|||0,00|06|0,00|0,0000|||0,00||
|C170|8|1419|ABRACADEIRA LARGA 25X35 ( 330969 )|2,00000|PC|8,54|1,46|0|020|5405|5405|8,54|12,00|1,02|0,00|0,00|0,00|0|||0,00|0,00|0,00|06|0,00|0,0000|||0,00|06|0,00|0,0000|||0,00||
|C170|9|1700|BICO SULCADOR|6,00000|PC|220,29|37,71|0|020|5405|5405|220,29|12,00|26,43|0,00|0,00|0,00|0|||0,00|0,00|0,00|06|0,00|0,0000|||0,00|06|0,00|0,0000|||0,00||
|C170|10|1753|ANEL|1,00000|PC|0,85|0,15|0|020|5405|5405|0,85|12,00|0,10|0,00|0,00|0,00|0|||0,00|0,00|0,00|06|0,00|0,0000|||0,00|06|0,00|0,0000|||0,00||
|C170|11|2110|CORREIA TRAP SUPER HC|3,00000|PC|868,24|148,76|0|010|5405|5405|868,24|12,00|104,19|0,00|0,00|0,00|0|||0,00|0,00|0,00|06|0,00|0,0000|||0,00|06|0,00|0,0000|||0,00||
|C170|12|2111|CLIP P/MANGUEIRA|2,00000|PC|3,41|0,59|0|010|5405|5405|3,41|12,00|0,41|0,00|0,00|0,00|0|||0,00|0,00|0,00|06|0,00|0,0000|||0,00|06|0,00|0,0000|||0,00||
|C170|13|3848|BICO|1,00000|PC|67,44|11,56|0|010|5405|5405|67,44|12,00|8,09|0,00|0,00|0,00|0|||0,00|0,00|0,00|06|0,00|0,0000|||0,00|06|0,00|0,0000|||0,00||
|C170|14|4013|BICO|2,00000|PC|13,66|2,34|0|020|5405|5405|13,66|12,00|1,64|0,00|0,00|0,00|0|||0,00|0,00|0,00|06|0,00|0,0000|||0,00|06|0,00|0,0000|||0,00||
|C170|15|6192|MANGUEIRA SUCCAO 1.1/4|2,00000|MT|17,07|2,93|0|010|5405|5405|17,07|12,00|2,05|0,00|0,00|0,00|0|||0,00|0,00|0,00|06|0,00|0,0000|||0,00|06|0,00|0,0000|||0,00||
|C100|1|0|01596844558|55|00|1|6816|29171211053630000140550010000068161000068167|08122017|08122017|400,00|1|41,00|0,00|441,00|0|0,00|0,00|40,81|400,00|48,00|0,00|0,00|0,00|0,00|0,00|0,00|0,00|
|C170|1|217|CRUZETA  CC36|2,00000|PC|70,75|7,25|0|020|5405|5405|70,75|12,00|8,49|0,00|0,00|0,00|0|||0,00|0,00|0,00|06|0,00|0,0000|||0,00|06|0,00|0,0000|||0,00||
|C170|2|223|TERMINAL ENGATE RAPIDO|2,00000|PC|134,25|13,75|0|020|5405|5405|134,25|12,00|16,11|0,00|0,00|0,00|0|||0,00|0,00|0,00|06|0,00|0,0000|||0,00|06|0,00|0,0000|||0,00||
|C170|3|230|TUBO QUADRADO|1,00000|PC|39,00|4,00|0|020|5405|5405|39,00|12,00|4,68|0,00|0,00|0,00|0|||0,00|0,00|0,00|06|0,00|0,0000|||0,00|06|0,00|0,0000|||0,00||
|C170|4|231|BARRA QUADRADA|1,00000|PC|78,00|8,00|0|020|5405|5405|78,00|12,00|9,36|0,00|0,00|0,00|0|||0,00|0,00|0,00|06|0,00|0,0000|||0,00|06|0,00|0,0000|||0,00||
|C170|5|267|TERMINAL FURO QUADRADO|1,00000|PC|35,37|3,63|0|020|5405|5405|35,37|12,00|4,24|0,00|0,00|0,00|0|||0,00|0,00|0,00|06|0,00|0,0000|||0,00|06|0,00|0,0000|||0,00||
|C170|6|1150|PINO ELASTICO|2,00000|PC|1,81|0,19|0|010|5405|5405|1,81|12,00|0,22|0,00|0,00|0,00|0|||0,00|0,00|0,00|06|0,00|0,0000|||0,00|06|0,00|0,0000|||0,00||
|C170|7|1468|TERMINAL ENTALHADO|1,00000|PC|40,82|4,18|0|020|5405|5405|40,82|12,00|4,90|0,00|0,00|0,00|0|||0,00|0,00|0,00|06|0,00|0,0000|||0,00|06|0,00|0,0000|||0,00||
|C100|1|0|56435010587|55|00|1|6817|29171211053630000140550010000068171000068172|09122017|09122017|40,00|0|0,00|0,00|40,00|0|0,00|0,00|40,00|0,00|0,00|0,00|0,00|0,00|0,00|0,00|0,00|0,00|
|C170|1|695|TAMPA  RADIADOR - 589360|1,00000|PC|7,00|0,00|0|060|5405|5405|0,00|12,00|0,00|0,00|0,00|0,00|0|||0,00|0,00|0,00|06|0,00|0,0000|||0,00|06|0,00|0,0000|||0,00||
|C170|2|1271|GRAXEIRA 3/8 RETA|2,00000|PC|3,00|0,00|0|060|5405|5405|0,00|12,00|0,00|0,00|0,00|0,00|0|||0,00|0,00|0,00|06|0,00|0,0000|||0,00|06|0,00|0,0000|||0,00||
|C170|3|1365|MANGUEIRA 3/4|1,00000|PC|14,00|0,00|0|060|5405|5405|0,00|12,00|0,00|0,00|0,00|0,00|0|||0,00|0,00|0,00|06|0,00|0,0000|||0,00|06|0,00|0,0000|||0,00||
|C170|4|1675|CAPA P/ TERMINAL|2,00000|PC|8,00|0,00|0|060|5405|5405|0,00|12,00|0,00|0,00|0,00|0,00|0|||0,00|0,00|0,00|06|0,00|0,0000|||0,00|06|0,00|0,0000|||0,00||
|C170|5|2549|COTOVELO 3/4 X 1/2|1,00000|PC|8,00|0,00|0|060|5405|5405|0,00|12,00|0,00|0,00|0,00|0,00|0|||0,00|0,00|0,00|06|0,00|0,0000|||0,00|06|0,00|0,0000|||0,00||
|C100|1|0|22560262568|55|00|1|6818|29171211053630000140550010000068181000068188|11122017|11122017|590,00|1|0,00|0,00|590,00|0|0,00|0,00|590,00|0,00|0,00|0,00|0,00|0,00|0,00|0,00|0,00|0,00|
|C170|1|1002|PARAFUSO DISCO ARADO C/ PORCA|15,00000|UND|22,50|0,00|0|060|5405|5405|0,00|12,00|0,00|0,00|0,00|0,00|0|||0,00|0,00|0,00|06|0,00|0,0000|||0,00|06|0,00|0,0000|||0,00||
|C170|2|2099|BICO SUBSOLADOR REFORCADO|10,00000|PC|450,00|0,00|0|060|5405|5405|0,00|12,00|0,00|0,00|0,00|0,00|0|||0,00|0,00|0,00|06|0,00|0,0000|||0,00|06|0,00|0,0000|||0,00||
|C170|3|2136|ARRUELA DE PRESSÃO 1/2|15,00000|PC|7,50|0,00|0|060|5405|5405|0,00|12,00|0,00|0,00|0,00|0,00|0|||0,00|0,00|0,00|06|0,00|0,0000|||0,00|06|0,00|0,0000|||0,00||
|C170|4|5352|CILINDRO FREIO|1,00000|PC|110,00|0,00|0|060|5405|5405|0,00|12,00|0,00|0,00|0,00|0,00|0|||0,00|0,00|0,00|06|0,00|0,0000|||0,00|06|0,00|0,0000|||0,00||
|C100|1|0|10209400420|55|00|1|6819|29171211053630000140550010000068191000068193|11122017|11122017|135,00|1|0,00|0,00|135,00|0|0,00|0,00|135,00|0,00|0,00|0,00|0,00|0,00|0,00|0,00|0,00|0,00|
|C170|1|2099|BICO SUBSOLADOR REFORCADO|3,00000|PC|135,00|0,00|0|060|5405|5405|0,00|12,00|0,00|0,00|0,00|0,00|0|||0,00|0,00|0,00|06|0,00|0,0000|||0,00|06|0,00|0,0000|||0,00||
|C100|1|0|01255110511|55|00|1|6820|29171211053630000140550010000068201000068208|11122017|11122017|120,00|1|0,00|0,00|120,00|0|0,00|0,00|120,00|0,00|0,00|0,00|0,00|0,00|0,00|0,00|0,00|0,00|
|C170|1|4912|PORCA - M218|10,00000|UND|30,00|0,00|0|060|5405|5405|0,00|12,00|0,00|0,00|0,00|0,00|0|||0,00|0,00|0,00|06|0,00|0,0000|||0,00|06|0,00|0,0000|||0,00||
|C170|2|6352|BICO CONE VAZIO MGA 4 - M056|10,00000|UND|90,00|0,00|0|060|5405|5405|0,00|12,00|0,00|0,00|0,00|0,00|0|||0,00|0,00|0,00|06|0,00|0,0000|||0,00|06|0,00|0,0000|||0,00||
|C100|1|0|35812770506|55|00|1|6821|29171211053630000140550010000068211000068213|11122017|11122017|400,00|1|0,00|0,00|400,00|0|0,00|0,00|400,00|0,00|0,00|0,00|0,00|0,00|0,00|0,00|0,00|0,00|
|C170|1|3236|BRACO TELESCOPIO|1,00000|PC|400,00|0,00|0|060|5405|5405|0,00|12,00|0,00|0,00|0,00|0,00|0|||0,00|0,00|0,00|06|0,00|0,0000|||0,00|06|0,00|0,0000|||0,00||
|C100|1|0|23868848487|55|00|1|6822|29171211053630000140550010000068221000068229|11122017|11122017|1100,00|1|0,00|0,00|1100,00|0|0,00|0,00|1100,00|0,00|0,00|0,00|0,00|0,00|0,00|0,00|0,00|0,00|
|C170|1|2352|KIT PISTAO|1,00000|UND|1100,00|0,00|0|060|5405|5405|0,00|12,00|0,00|0,00|0,00|0,00|0|||0,00|0,00|0,00|06|0,00|0,0000|||0,00|06|0,00|0,0000|||0,00||
|C100|1|0|09575708000226|55|00|1|6823|29171211053630000140550010000068231000068234|11122017|11122017|170,00|1|0,00|0,00|170,00|0|0,00|0,00|170,00|0,00|0,00|0,00|0,00|0,00|0,00|0,00|0,00|0,00|
|C170|1|493|RETENTOR|2,00000|PC|20,00|0,00|0|060|5405|5405|0,00|12,00|0,00|0,00|0,00|0,00|0|||0,00|0,00|0,00|06|0,00|0,0000|||0,00|06|0,00|0,0000|||0,00||
|C170|2|532|JOGO DE REPARO JP-75|1,00000|PC|150,00|0,00|0|060|5405|5405|0,00|12,00|0,00|0,00|0,00|0,00|0|||0,00|0,00|0,00|06|0,00|0,0000|||0,00|06|0,00|0,0000|||0,00||
|C100|1|0|38864550410|55|00|1|6824|29171211053630000140550010000068241000068240|12122017|12122017|546,00|1|0,00|0,00|546,00|0|0,00|0,00|546,00|0,00|0,00|0,00|0,00|0,00|0,00|0,00|0,00|0,00|
|C170|1|6378|MANCAL - 243MM / 1.5/8|2,00000|PC|490,00|0,00|0|060|5405|5405|0,00|12,00|0,00|0,00|0,00|0,00|0|||0,00|0,00|0,00|06|0,00|0,0000|||0,00|06|0,00|0,0000|||0,00||
|C170|2|6472|PARAFUSO DO MANCAL (TATU)|4,00000|PC|56,00|0,00|0|060|5405|5405|0,00|12,00|0,00|0,00|0,00|0,00|0|||0,00|0,00|0,00|06|0,00|0,0000|||0,00|06|0,00|0,0000|||0,00||
|C100|1|0|03070664000115|55|00|1|6825|29171211053630000140550010000068251000068255|12122017|12122017|28,00|1|0,00|0,00|28,00|0|0,00|0,00|28,00|0,00|0,00|0,00|0,00|0,00|0,00|0,00|0,00|0,00|
|C170|1|1345|BICO ACOPLADOR|4,00000|PC|28,00|0,00|0|060|6404|6404|0,00|12,00|0,00|0,00|0,00|0,00|0|||0,00|0,00|0,00|06|0,00|0,0000|||0,00|06|0,00|0,0000|||0,00||
|C100|1|0|02024746403|55|00|1|6826|29171211053630000140550010000068261000068260|12122017|12122017|56,00|1|0,00|0,00|56,00|0|0,00|0,00|56,00|0,00|0,00|0,00|0,00|0,00|0,00|0,00|0,00|0,00|
|C170|1|770|PINO TRAVA|2,00000|PC|28,00|0,00|0|060|6404|6404|0,00|12,00|0,00|0,00|0,00|0,00|0|||0,00|0,00|0,00|06|0,00|0,0000|||0,00|06|0,00|0,0000|||0,00||
|C170|2|5693|CAPA|4,00000|UND|28,00|0,00|0|060|6404|6404|0,00|12,00|0,00|0,00|0,00|0,00|0|||0,00|0,00|0,00|06|0,00|0,0000|||0,00|06|0,00|0,0000|||0,00||
|C100|1|0|58551243000289|55|00|1|6827|29171211053630000140550010000068271000068276|12122017|12122017|315,00|1|0,00|0,00|315,00|0|0,00|0,00|315,00|0,00|0,00|0,00|0,00|0,00|0,00|0,00|0,00|0,00|
|C170|1|153|ROLAMENTO 32208 - LA5113|6,00000|PC|210,00|0,00|0|060|5405|5405|0,00|12,00|0,00|0,00|0,00|0,00|0|||0,00|0,00|0,00|06|0,00|0,0000|||0,00|06|0,00|0,0000|||0,00||
|C170|2|2625|ROLAMENTO - 30208 - VALMET|3,00000|PC|105,00|0,00|0|060|5405|5405|0,00|12,00|0,00|0,00|0,00|0,00|0|||0,00|0,00|0,00|06|0,00|0,0000|||0,00|06|0,00|0,0000|||0,00||
|C100|1|0|58551243000440|55|00|1|6828|29171211053630000140550010000068281000068281|12122017|12122017|432,00|1|0,00|0,00|432,00|0|0,00|0,00|432,00|0,00|0,00|0,00|0,00|0,00|0,00|0,00|0,00|0,00|
|C170|1|137|ROLAMENTO LA5115|7,00000|PC|420,00|0,00|0|060|6404|6404|0,00|12,00|0,00|0,00|0,00|0,00|0|||0,00|0,00|0,00|06|0,00|0,0000|||0,00|06|0,00|0,0000|||0,00||
|C170|2|5571|ANEL YANMAR|12,00000|UND|12,00|0,00|0|060|6404|6404|0,00|12,00|0,00|0,00|0,00|0,00|0|||0,00|0,00|0,00|06|0,00|0,0000|||0,00|06|0,00|0,0000|||0,00||
|C100|1|0|88847686000363|55|00|1|6829|29171211053630000140550010000068291000068297|12122017|12122017|253,00|1|0,00|0,00|253,00|0|0,00|0,00|253,00|0,00|0,00|0,00|0,00|0,00|0,00|0,00|0,00|0,00|
|C170|1|861|BUCHA DO PINO CENTRAL - 061265|1,00000|PC|33,00|0,00|0|060|5405|5405|0,00|12,00|0,00|0,00|0,00|0,00|0|||0,00|0,00|0,00|06|0,00|0,0000|||0,00|06|0,00|0,0000|||0,00||
|C170|2|3743|PARAFUSO 82128300 - VALMET|20,00000|PC|60,00|0,00|0|060|5405|5405|0,00|12,00|0,00|0,00|0,00|0,00|0|||0,00|0,00|0,00|06|0,00|0,0000|||0,00|06|0,00|0,0000|||0,00||
|C170|3|5455|PORCA|20,00000|UND|30,00|0,00|0|060|5405|5405|0,00|12,00|0,00|0,00|0,00|0,00|0|||0,00|0,00|0,00|06|0,00|0,0000|||0,00|06|0,00|0,0000|||0,00||
|C170|4|5457|PARAFUSO|20,00000|UND|100,00|0,00|0|060|5405|5405|0,00|12,00|0,00|0,00|0,00|0,00|0|||0,00|0,00|0,00|06|0,00|0,0000|||0,00|06|0,00|0,0000|||0,00||
|C170|5|5866|PORCA RODA  80693600 - VALMET|20,00000|PC|30,00|0,00|0|060|5405|5405|0,00|12,00|0,00|0,00|0,00|0,00|0|||0,00|0,00|0,00|06|0,00|0,0000|||0,00|06|0,00|0,0000|||0,00||
|C100|1|0|00043098983|55|00|1|6830|29171211053630000140550010000068301000068301|12122017|12122017|1650,00|1|0,00|0,00|1650,00|0|0,00|0,00|1650,00|0,00|0,00|0,00|0,00|0,00|0,00|0,00|0,00|0,00|
|C170|1|6649|FACA ROCADEIRA|20,00000|PC|1650,00|0,00|0|060|5405|5405|0,00|12,00|0,00|0,00|0,00|0,00|0|||0,00|0,00|0,00|06|0,00|0,0000|||0,00|06|0,00|0,0000|||0,00||
|C100|1|0|35895918468|55|00|1|6831|29171211053630000140550010000068311000068317|12122017|12122017|314,00|0|0,00|0,00|314,00|0|0,00|0,00|314,00|0,00|0,00|0,00|0,00|0,00|0,00|0,00|0,00|0,00|
|C170|1|995|PARAFUSO 3/4 X 5.1/2|1,00000|UND|4,00|0,00|0|060|5405|5405|0,00|12,00|0,00|0,00|0,00|0,00|0|||0,00|0,00|0,00|06|0,00|0,0000|||0,00|06|0,00|0,0000|||0,00||
|C170|2|1013|PORCA 3/4 CHV 1.1/8|1,00000|UND|1,00|0,00|0|060|5405|5405|0,00|12,00|0,00|0,00|0,00|0,00|0|||0,00|0,00|0,00|06|0,00|0,0000|||0,00|06|0,00|0,0000|||0,00||
|C170|3|1206|REGISTRO PARA BICO - M274/4|8,00000|PC|184,00|0,00|0|060|5405|5405|0,00|12,00|0,00|0,00|0,00|0,00|0|||0,00|0,00|0,00|06|0,00|0,0000|||0,00|06|0,00|0,0000|||0,00||
|C170|4|1307|BICO JA-2 PRETO|10,00000|PC|80,00|0,00|0|060|5405|5405|0,00|12,00|0,00|0,00|0,00|0,00|0|||0,00|0,00|0,00|06|0,00|0,0000|||0,00|06|0,00|0,0000|||0,00||
|C170|5|6055|BICO CONE VAZIO MAG 3 - M055|6,00000|UND|45,00|0,00|0|060|5405|5405|0,00|12,00|0,00|0,00|0,00|0,00|0|||0,00|0,00|0,00|06|0,00|0,0000|||0,00|06|0,00|0,0000|||0,00||
|C100|1|0|05334163883|55|00|1|6832|29171211053630000140550010000068321000068322|12122017|12122017|70,00|1|0,00|0,00|70,00|0|0,00|0,00|70,00|0,00|0,00|0,00|0,00|0,00|0,00|0,00|0,00|0,00|
|C170|1|553|FILTRO EXT - ARS8842 -82642100|1,00000|PC|70,00|0,00|0|060|6404|6404|0,00|12,00|0,00|0,00|0,00|0,00|0|||0,00|0,00|0,00|06|0,00|0,0000|||0,00|06|0,00|0,0000|||0,00||
|C100|1|0|09575708000226|55|00|1|6833|29171211053630000140550010000068331000068338|12122017|12122017|180,00|1|0,00|0,00|180,00|0|0,00|0,00|180,00|0,00|0,00|0,00|0,00|0,00|0,00|0,00|0,00|0,00|
|C170|1|5499|ROLAMENTO|2,00000|PC|180,00|0,00|0|060|5405|5405|0,00|12,00|0,00|0,00|0,00|0,00|0|||0,00|0,00|0,00|06|0,00|0,0000|||0,00|06|0,00|0,0000|||0,00||
|C100|1|0|37752030520|55|00|1|6834|29171211053630000140550010000068341000068343|12122017|12122017|790,00|1|2,00|0,00|792,00|0|0,00|0,00|792,00|0,00|0,00|0,00|0,00|0,00|0,00|0,00|0,00|0,00|
|C170|1|2398|EIXO DA TDF|1,00000|PC|790,00|2,00|0|060|5405|5405|0,00|12,00|0,00|0,00|0,00|0,00|0|||0,00|0,00|0,00|06|0,00|0,0000|||0,00|06|0,00|0,0000|||0,00||
|C100|1|0|18283249000117|55|00|1|6835|29171211053630000140550010000068351000068359|12122017|12122017|281,00|1|2,80|0,00|283,80|0|0,00|0,00|283,80|0,00|0,00|0,00|0,00|0,00|0,00|0,00|0,00|0,00|
|C170|1|736|TORNEIRA DE ALUMINIO|3,00000|PC|139,61|1,39|0|060|5405|5405|0,00|12,00|0,00|0,00|0,00|0,00|0|||0,00|0,00|0,00|06|0,00|0,0000|||0,00|06|0,00|0,0000|||0,00||
|C170|2|923|RETENTOR DA POLIA 4236|1,00000|PC|69,31|0,69|0|060|5405|5405|0,00|12,00|0,00|0,00|0,00|0,00|0|||0,00|0,00|0,00|06|0,00|0,0000|||0,00|06|0,00|0,0000|||0,00||
|C170|3|925|PORCA DO PLATO|4,00000|PC|0,79|0,01|0|060|5405|5405|0,00|12,00|0,00|0,00|0,00|0,00|0|||0,00|0,00|0,00|06|0,00|0,0000|||0,00|06|0,00|0,0000|||0,00||
|C170|4|1143|ESTOPA 010|1,00000|UND|1,98|0,02|0|060|5405|5405|0,00|12,00|0,00|0,00|0,00|0,00|0|||0,00|0,00|0,00|06|0,00|0,0000|||0,00|06|0,00|0,0000|||0,00||
|C170|5|1314|JUNTA DO ESCAPE|1,00000|PC|3,96|0,04|0|060|5405|5405|0,00|12,00|0,00|0,00|0,00|0,00|0|||0,00|0,00|0,00|06|0,00|0,0000|||0,00|06|0,00|0,0000|||0,00||
|C170|6|3097|PRISIONERO DE ACO CARTER|2,00000|PC|11,88|0,12|0|060|5405|5405|0,00|12,00|0,00|0,00|0,00|0,00|0|||0,00|0,00|0,00|06|0,00|0,0000|||0,00|06|0,00|0,0000|||0,00||
|C170|7|3347|PRISIONEIRO ACO|2,00000|UND|5,94|0,06|0|060|5405|5405|0,00|12,00|0,00|0,00|0,00|0,00|0|||0,00|0,00|0,00|06|0,00|0,0000|||0,00|06|0,00|0,0000|||0,00||
|C170|8|3354|JUNTA TAMPA DA CAIXA - 36813137|1,00000|UND|15,84|0,16|0|060|5405|5405|0,00|12,00|0,00|0,00|0,00|0,00|0|||0,00|0,00|0,00|06|0,00|0,0000|||0,00|06|0,00|0,0000|||0,00||
|C170|9|6395|JUNTA COLETOR DE ESCAPE|2,00000|PC|31,69|0,31|0|060|5405|5405|0,00|12,00|0,00|0,00|0,00|0,00|0|||0,00|0,00|0,00|06|0,00|0,0000|||0,00|06|0,00|0,0000|||0,00||
|C100|1|0|88847686000363|55|00|1|6836|29171211053630000140550010000068361000068364|13122017|13122017|688,00|1|0,00|0,00|688,00|0|0,00|0,00|688,00|0,00|0,00|0,00|0,00|0,00|0,00|0,00|0,00|0,00|
|C170|1|1745|FILTRO LUBRIFICANTE|1,00000|PC|42,00|0,00|0|060|5405|5405|0,00|12,00|0,00|0,00|0,00|0,00|0|||0,00|0,00|0,00|06|0,00|0,0000|||0,00|06|0,00|0,0000|||0,00||
|C170|2|3197|PROTECAO COMPLETA|4,00000|PC|520,00|0,00|0|060|5405|5405|0,00|12,00|0,00|0,00|0,00|0,00|0|||0,00|0,00|0,00|06|0,00|0,0000|||0,00|06|0,00|0,0000|||0,00||
|C170|3|6065|FILTRO LUBRIFICANTE - 71029|3,00000|PC|126,00|0,00|0|060|5405|5405|0,00|12,00|0,00|0,00|0,00|0,00|0|||0,00|0,00|0,00|06|0,00|0,0000|||0,00|06|0,00|0,0000|||0,00||
|C100|1|0|90943759587|55|00|1|6837|29171211053630000140550010000068371000068370|13122017|13122017|30,00|0|0,00|0,00|30,00|0|0,00|0,00|30,00|0,00|0,00|0,00|0,00|0,00|0,00|0,00|0,00|0,00|
|C170|1|72|REPARO DO COMANDO|2,00000|PC|30,00|0,00|0|060|5405|5405|0,00|12,00|0,00|0,00|0,00|0,00|0|||0,00|0,00|0,00|06|0,00|0,0000|||0,00|06|0,00|0,0000|||0,00||
|C100|1|0|03359301315|55|00|1|6838|29171211053630000140550010000068381000068385|13122017|13122017|1050,00|1|0,00|0,00|1050,00|0|0,00|0,00|1050,00|0,00|0,00|0,00|0,00|0,00|0,00|0,00|0,00|0,00|
|C170|1|1086|BOMBA HIDRAULICA L200|1,00000|PC|1040,00|0,00|0|060|6404|6404|0,00|12,00|0,00|0,00|0,00|0,00|0|||0,00|0,00|0,00|06|0,00|0,0000|||0,00|06|0,00|0,0000|||0,00||
|C170|2|5045|JUNTA DA BOMBA HIDR.|1,00000|PC|10,00|0,00|0|060|6404|6404|0,00|12,00|0,00|0,00|0,00|0,00|0|||0,00|0,00|0,00|06|0,00|0,0000|||0,00|06|0,00|0,0000|||0,00||
|C100|1|0|22561781534|55|00|1|6839|29171211053630000140550010000068391000068390|13122017|13122017|409,00|1|0,00|0,00|409,00|0|0,00|0,00|409,00|0,00|0,00|0,00|0,00|0,00|0,00|0,00|0,00|0,00|
|C170|1|322|ENGATE RAPIDO|2,00000|PC|220,00|0,00|0|060|5405|5405|0,00|12,00|0,00|0,00|0,00|0,00|0|||0,00|0,00|0,00|06|0,00|0,0000|||0,00|06|0,00|0,0000|||0,00||
|C170|2|448|REPARO COMP HIDRAULICO|2,00000|PC|100,00|0,00|0|060|5405|5405|0,00|12,00|0,00|0,00|0,00|0,00|0|||0,00|0,00|0,00|06|0,00|0,0000|||0,00|06|0,00|0,0000|||0,00||
|C170|3|582|GUARDA PO DO FREIO|1,00000|PC|7,00|0,00|0|060|5405|5405|0,00|12,00|0,00|0,00|0,00|0,00|0|||0,00|0,00|0,00|06|0,00|0,0000|||0,00|06|0,00|0,0000|||0,00||
|C170|4|641|ANEL DO PISTAO|1,00000|PC|2,00|0,00|0|060|5405|5405|0,00|12,00|0,00|0,00|0,00|0,00|0|||0,00|0,00|0,00|06|0,00|0,0000|||0,00|06|0,00|0,0000|||0,00||
|C170|5|686|ANEL DO PISTAO|1,00000|PC|16,00|0,00|0|060|5405|5405|0,00|12,00|0,00|0,00|0,00|0,00|0|||0,00|0,00|0,00|06|0,00|0,0000|||0,00|06|0,00|0,0000|||0,00||
|C170|6|1143|ESTOPA 010|3,00000|UND|6,00|0,00|0|060|5405|5405|0,00|12,00|0,00|0,00|0,00|0,00|0|||0,00|0,00|0,00|06|0,00|0,0000|||0,00|06|0,00|0,0000|||0,00||
|C170|7|1334|ANEL GUIA|1,00000|PC|6,00|0,00|0|060|5405|5405|0,00|12,00|0,00|0,00|0,00|0,00|0|||0,00|0,00|0,00|06|0,00|0,0000|||0,00|06|0,00|0,0000|||0,00||
|C170|8|1430|COLA SILICONE PRETA|1,00000|PC|12,00|0,00|0|060|5405|5405|0,00|12,00|0,00|0,00|0,00|0,00|0|||0,00|0,00|0,00|06|0,00|0,0000|||0,00|06|0,00|0,0000|||0,00||
|C170|9|1669|ANEL|2,00000|PC|8,00|0,00|0|060|5405|5405|0,00|12,00|0,00|0,00|0,00|0,00|0|||0,00|0,00|0,00|06|0,00|0,0000|||0,00|06|0,00|0,0000|||0,00||
|C170|10|1875|OLEO DE FREIO|1,00000|PC|12,00|0,00|0|060|5405|5405|0,00|12,00|0,00|0,00|0,00|0,00|0|||0,00|0,00|0,00|06|0,00|0,0000|||0,00|06|0,00|0,0000|||0,00||
|C170|11|2318|ANEL|2,00000|PC|20,00|0,00|0|060|5405|5405|0,00|12,00|0,00|0,00|0,00|0,00|0|||0,00|0,00|0,00|06|0,00|0,0000|||0,00|06|0,00|0,0000|||0,00||
|C100|1|0|77310589000159|55|00|1|6840|29171211053630000140550010000068401000068405|13122017|13122017|3808,16|2|0,00|0,00|2971,68|9|0,00|0,00|-8,52|2980,20|208,61|5806,03|836,48|0,00|0,00|0,00|0,00|0,00|
|C170|1|6652|ENGATE|4,00000|PC|2971,68|0,00|0|010|6411|6411|2980,20|7,00|208,61|5806,03|0,00|836,48|0|||0,00|0,00|0,00|73|0,00|0,0000|||0,00|73|0,00|0,0000|||0,00||
|C100|1|0|04001048493|55|00|1|6841|29171211053630000140550010000068411000068410|13122017|13122017|180,00|1|0,00|0,00|180,00|0|0,00|0,00|180,00|0,00|0,00|0,00|0,00|0,00|0,00|0,00|0,00|0,00|
|C170|1|2099|BICO SUBSOLADOR REFORCADO|4,00000|PC|180,00|0,00|0|060|6404|6404|0,00|12,00|0,00|0,00|0,00|0,00|0|||0,00|0,00|0,00|06|0,00|0,0000|||0,00|06|0,00|0,0000|||0,00||
|C100|1|0|00225356597|55|00|1|6842|29171211053630000140550010000068421000068426|13122017|13122017|350,00|1|0,00|0,00|350,00|0|0,00|0,00|350,00|0,00|0,00|0,00|0,00|0,00|0,00|0,00|0,00|0,00|
|C170|1|1292|CAPA PROTETORA|1,00000|PC|3,00|0,00|0|060|5405|5405|0,00|12,00|0,00|0,00|0,00|0,00|0|||0,00|0,00|0,00|06|0,00|0,0000|||0,00|06|0,00|0,0000|||0,00||
|C170|2|2792|BRACO TERCEIRO PONTO|1,00000|PC|347,00|0,00|0|060|5405|5405|0,00|12,00|0,00|0,00|0,00|0,00|0|||0,00|0,00|0,00|06|0,00|0,0000|||0,00|06|0,00|0,0000|||0,00||
|C100|1|0|00225356597|55|00|1|6843|29171211053630000140550010000068431000068431|13122017|13122017|585,00|1|0,00|0,00|585,00|0|0,00|0,00|585,00|0,00|0,00|0,00|0,00|0,00|0,00|0,00|0,00|0,00|
|C170|1|1355|DISCO DE ARADO 28 X6|3,00000|PC|585,00|0,00|0|060|5405|5405|0,00|12,00|0,00|0,00|0,00|0,00|0|||0,00|0,00|0,00|06|0,00|0,0000|||0,00|06|0,00|0,0000|||0,00||
|C100|1|0|00225356597|55|00|1|6844|29171211053630000140550010000068441000068447|13122017|13122017|80,00|0|0,00|0,00|80,00|0|0,00|0,00|80,00|0,00|0,00|0,00|0,00|0,00|0,00|0,00|0,00|0,00|
|C170|1|1190|DISCO PLANO LISO|1,00000|PC|80,00|0,00|0|060|5405|5405|0,00|12,00|0,00|0,00|0,00|0,00|0|||0,00|0,00|0,00|06|0,00|0,0000|||0,00|06|0,00|0,0000|||0,00||
|C100|1|0|97750670572|55|00|1|6845|29171211053630000140550010000068451000068452|13122017|13122017|230,00|1|0,00|0,00|230,00|0|0,00|0,00|230,00|0,00|0,00|0,00|0,00|0,00|0,00|0,00|0,00|0,00|
|C170|1|695|TAMPA  RADIADOR - 589360|2,00000|PC|16,00|0,00|0|060|5405|5405|0,00|12,00|0,00|0,00|0,00|0,00|0|||0,00|0,00|0,00|06|0,00|0,0000|||0,00|06|0,00|0,0000|||0,00||
|C170|2|837|FILTRO DE AR EXTERNO|1,00000|PC|110,00|0,00|0|060|5405|5405|0,00|12,00|0,00|0,00|0,00|0,00|0|||0,00|0,00|0,00|06|0,00|0,0000|||0,00|06|0,00|0,0000|||0,00||
|C170|3|840|FILTRO DE AR INTERNO|1,00000|PC|84,00|0,00|0|060|5405|5405|0,00|12,00|0,00|0,00|0,00|0,00|0|||0,00|0,00|0,00|06|0,00|0,0000|||0,00|06|0,00|0,0000|||0,00||
|C170|4|1059|PINO TRAVA ( 7/16X2 )|5,00000|PC|20,00|0,00|0|060|5405|5405|0,00|12,00|0,00|0,00|0,00|0,00|0|||0,00|0,00|0,00|06|0,00|0,0000|||0,00|06|0,00|0,0000|||0,00||
|C100|1|0|65248040400|55|00|1|6846|29171211053630000140550010000068461000068468|13122017|13122017|20,00|0|0,00|0,00|20,00|0|0,00|0,00|20,00|0,00|0,00|0,00|0,00|0,00|0,00|0,00|0,00|0,00|
|C170|1|215|FILTRO COMBUSTIVEL - 81248200|1,00000|PC|16,00|0,00|0|060|5405|5405|0,00|12,00|0,00|0,00|0,00|0,00|0|||0,00|0,00|0,00|06|0,00|0,0000|||0,00|06|0,00|0,0000|||0,00||
|C170|2|868|BUJAO DE DRENAGEM - 113060|1,00000|PC|4,00|0,00|0|060|5405|5405|0,00|12,00|0,00|0,00|0,00|0,00|0|||0,00|0,00|0,00|06|0,00|0,0000|||0,00|06|0,00|0,0000|||0,00||
|C100|1|0|04740475000256|55|00|1|6847|29171211053630000140550010000068471000068473|14122017|14122017|42,00|0|0,00|0,00|42,00|0|0,00|0,00|42,00|0,00|0,00|0,00|0,00|0,00|0,00|0,00|0,00|0,00|
|C170|1|5568|ANEL YANMAR|6,00000|UND|6,00|0,00|0|060|5405|5405|0,00|12,00|0,00|0,00|0,00|0,00|0|||0,00|0,00|0,00|06|0,00|0,0000|||0,00|06|0,00|0,0000|||0,00||
|C170|2|5592|RETENTOR YANMAR|2,00000|PC|36,00|0,00|0|060|5405|5405|0,00|12,00|0,00|0,00|0,00|0,00|0|||0,00|0,00|0,00|06|0,00|0,0000|||0,00|06|0,00|0,0000|||0,00||
|C100|0|0|22561781534|55|00|1|6848|29171211053630000140550010000068481000068489|14122017|14122017|409,00|2|0,00|0,00|409,00|9|0,00|0,00|409,00|0,00|0,00|0,00|0,00|0,00|0,00|0,00|0,00|0,00|
|C170|1|322|ENGATE RAPIDO|2,00000|PC|220,00|0,00|0|060|1202|1202|0,00|12,00|0,00|0,00|0,00|0,00|0|||0,00|0,00|0,00|73|0,00|0,0000|||0,00|73|0,00|0,0000|||0,00||
|C170|2|448|REPARO COMP HIDRAULICO|2,00000|PC|100,00|0,00|0|060|1202|1202|0,00|12,00|0,00|0,00|0,00|0,00|0|||0,00|0,00|0,00|73|0,00|0,0000|||0,00|73|0,00|0,0000|||0,00||
|C170|3|582|GUARDA PO DO FREIO|1,00000|PC|7,00|0,00|0|060|1202|1202|0,00|12,00|0,00|0,00|0,00|0,00|0|||0,00|0,00|0,00|73|0,00|0,0000|||0,00|73|0,00|0,0000|||0,00||
|C170|4|641|ANEL DO PISTAO|1,00000|PC|2,00|0,00|0|060|1202|1202|0,00|12,00|0,00|0,00|0,00|0,00|0|||0,00|0,00|0,00|73|0,00|0,0000|||0,00|73|0,00|0,0000|||0,00||
|C170|5|686|ANEL DO PISTAO|1,00000|PC|16,00|0,00|0|060|1202|1202|0,00|12,00|0,00|0,00|0,00|0,00|0|||0,00|0,00|0,00|73|0,00|0,0000|||0,00|73|0,00|0,0000|||0,00||
|C170|6|1143|ESTOPA 010|3,00000|UND|6,00|0,00|0|060|1202|1202|0,00|12,00|0,00|0,00|0,00|0,00|0|||0,00|0,00|0,00|73|0,00|0,0000|||0,00|73|0,00|0,0000|||0,00||
|C170|7|1334|ANEL GUIA|1,00000|PC|6,00|0,00|0|060|1202|1202|0,00|12,00|0,00|0,00|0,00|0,00|0|||0,00|0,00|0,00|73|0,00|0,0000|||0,00|73|0,00|0,0000|||0,00||
|C170|8|1430|COLA SILICONE PRETA|1,00000|PC|12,00|0,00|0|060|1202|1202|0,00|12,00|0,00|0,00|0,00|0,00|0|||0,00|0,00|0,00|73|0,00|0,0000|||0,00|73|0,00|0,0000|||0,00||
|C170|9|1669|ANEL|2,00000|PC|8,00|0,00|0|060|1202|1202|0,00|12,00|0,00|0,00|0,00|0,00|0|||0,00|0,00|0,00|73|0,00|0,0000|||0,00|73|0,00|0,0000|||0,00||
|C170|10|1875|OLEO DE FREIO|1,00000|PC|12,00|0,00|0|060|1202|1202|0,00|12,00|0,00|0,00|0,00|0,00|0|||0,00|0,00|0,00|73|0,00|0,0000|||0,00|73|0,00|0,0000|||0,00||
|C170|11|2318|ANEL|2,00000|PC|20,00|0,00|0|060|1202|1202|0,00|12,00|0,00|0,00|0,00|0,00|0|||0,00|0,00|0,00|73|0,00|0,0000|||0,00|73|0,00|0,0000|||0,00||
|C100|1|0|22561781534|55|00|1|6849|29171211053630000140550010000068491000068494|14122017|14122017|309,00|1|27,00|0,00|336,00|0|0,00|0,00|336,00|0,00|0,00|0,00|0,00|0,00|0,00|0,00|0,00|0,00|
|C170|1|322|ENGATE RAPIDO|2,00000|PC|220,71|19,29|0|060|5405|5405|0,00|12,00|0,00|0,00|0,00|0,00|0|||0,00|0,00|0,00|06|0,00|0,0000|||0,00|06|0,00|0,0000|||0,00||
|C170|2|582|GUARDA PO DO FREIO|1,00000|PC|6,44|0,56|0|060|5405|5405|0,00|12,00|0,00|0,00|0,00|0,00|0|||0,00|0,00|0,00|06|0,00|0,0000|||0,00|06|0,00|0,0000|||0,00||
|C170|3|641|ANEL DO PISTAO|1,00000|PC|1,84|0,16|0|060|5405|5405|0,00|12,00|0,00|0,00|0,00|0,00|0|||0,00|0,00|0,00|06|0,00|0,0000|||0,00|06|0,00|0,0000|||0,00||
|C170|4|686|ANEL DO PISTAO|1,00000|PC|14,71|1,29|0|060|5405|5405|0,00|12,00|0,00|0,00|0,00|0,00|0|||0,00|0,00|0,00|06|0,00|0,0000|||0,00|06|0,00|0,0000|||0,00||
|C170|5|1143|ESTOPA 010|3,00000|UND|5,52|0,48|0|060|5405|5405|0,00|12,00|0,00|0,00|0,00|0,00|0|||0,00|0,00|0,00|06|0,00|0,0000|||0,00|06|0,00|0,0000|||0,00||
|C170|6|1334|ANEL GUIA|1,00000|PC|5,52|0,48|0|060|5405|5405|0,00|12,00|0,00|0,00|0,00|0,00|0|||0,00|0,00|0,00|06|0,00|0,0000|||0,00|06|0,00|0,0000|||0,00||
|C170|7|1431|COLA SILICONE PRETA WURTH|1,00000|PC|17,47|1,53|0|060|5405|5405|0,00|12,00|0,00|0,00|0,00|0,00|0|||0,00|0,00|0,00|06|0,00|0,0000|||0,00|06|0,00|0,0000|||0,00||
|C170|8|1669|ANEL|2,00000|PC|7,36|0,64|0|060|5405|5405|0,00|12,00|0,00|0,00|0,00|0,00|0|||0,00|0,00|0,00|06|0,00|0,0000|||0,00|06|0,00|0,0000|||0,00||
|C170|9|1875|OLEO DE FREIO|1,00000|PC|11,04|0,96|0|060|5405|5405|0,00|12,00|0,00|0,00|0,00|0,00|0|||0,00|0,00|0,00|06|0,00|0,0000|||0,00|06|0,00|0,0000|||0,00||
|C170|10|2318|ANEL|2,00000|PC|18,39|1,61|0|060|5405|5405|0,00|12,00|0,00|0,00|0,00|0,00|0|||0,00|0,00|0,00|06|0,00|0,0000|||0,00|06|0,00|0,0000|||0,00||
|C100|1|0|00069464537|55|00|1|6850|29171211053630000140550010000068501000068509|14122017|14122017|230,00|1|0,00|0,00|230,00|0|0,00|0,00|230,00|0,00|0,00|0,00|0,00|0,00|0,00|0,00|0,00|0,00|
|C170|1|6379|MANCAL - 225MM / 1.5/8|1,00000|PC|230,00|0,00|0|060|5405|5405|0,00|12,00|0,00|0,00|0,00|0,00|0|||0,00|0,00|0,00|06|0,00|0,0000|||0,00|06|0,00|0,0000|||0,00||
|C100|1|0|04740475000337|55|00|1|6851|29171211053630000140550010000068511000068514|14122017|14122017|96,00|1|0,00|0,00|96,00|0|0,00|0,00|96,00|0,00|0,00|0,00|0,00|0,00|0,00|0,00|0,00|0,00|
|C170|1|1073|ROLAMENTO 32206 - LA5109|3,00000|PC|96,00|0,00|0|060|6404|6404|0,00|12,00|0,00|0,00|0,00|0,00|0|||0,00|0,00|0,00|06|0,00|0,0000|||0,00|06|0,00|0,0000|||0,00||
|C100|1|0|09575708000226|55|00|1|6852|29171211053630000140550010000068521000068520|14122017|14122017|180,00|1|0,00|0,00|180,00|0|0,00|0,00|180,00|0,00|0,00|0,00|0,00|0,00|0,00|0,00|0,00|0,00|
|C170|1|5499|ROLAMENTO|2,00000|PC|180,00|0,00|0|060|5405|5405|0,00|12,00|0,00|0,00|0,00|0,00|0|||0,00|0,00|0,00|06|0,00|0,0000|||0,00|06|0,00|0,0000|||0,00||
|C100|1|0|02065823585|55|00|1|6853|29171211053630000140550010000068531000068535|14122017|14122017|200,00|1|17,00|0,00|217,00|0|0,00|0,00|217,00|0,00|0,00|0,00|0,00|0,00|0,00|0,00|0,00|0,00|
|C170|1|5816|BOMBA ALIMENTADORA|1,00000|PC|200,00|17,00|0|060|5405|5405|0,00|12,00|0,00|0,00|0,00|0,00|0|||0,00|0,00|0,00|06|0,00|0,0000|||0,00|06|0,00|0,0000|||0,00||
|C100|1|0|12786836000142|55|00|1|6854|29171211053630000140550010000068541000068540|15122017|15122017|918,00|1|0,00|0,00|918,00|0|0,00|0,00|918,00|0,00|0,00|0,00|0,00|0,00|0,00|0,00|0,00|0,00|
|C170|1|623|BUJAO DRENAGEM - 520775|2,00000|PC|8,00|0,00|0|060|6404|6404|0,00|12,00|0,00|0,00|0,00|0,00|0|||0,00|0,00|0,00|06|0,00|0,0000|||0,00|06|0,00|0,0000|||0,00||
|C170|2|769|BUJAO MB-42|2,00000|PC|20,00|0,00|0|060|6404|6404|0,00|12,00|0,00|0,00|0,00|0,00|0|||0,00|0,00|0,00|06|0,00|0,0000|||0,00|06|0,00|0,0000|||0,00||
|C170|3|1234|FILTRO - M506/5|1,00000|PC|90,00|0,00|0|060|6404|6404|0,00|12,00|0,00|0,00|0,00|0,00|0|||0,00|0,00|0,00|06|0,00|0,0000|||0,00|06|0,00|0,0000|||0,00||
|C170|4|2325|CABECOTE|1,00000|PC|260,00|0,00|0|060|6404|6404|0,00|12,00|0,00|0,00|0,00|0,00|0|||0,00|0,00|0,00|06|0,00|0,0000|||0,00|06|0,00|0,0000|||0,00||
|C170|5|3851|CAMISA JP-150|3,00000|PC|540,00|0,00|0|060|6404|6404|0,00|12,00|0,00|0,00|0,00|0,00|0|||0,00|0,00|0,00|06|0,00|0,0000|||0,00|06|0,00|0,0000|||0,00||
|C100|1|0|03720910407|55|00|1|6855|29171211053630000140550010000068551000068556|15122017|15122017|215,00|1|0,00|0,00|215,00|0|0,00|0,00|215,00|0,00|0,00|0,00|0,00|0,00|0,00|0,00|0,00|0,00|
|C170|1|1080|BOMBA DE GRAXA 7 KG|1,00000|UND|215,00|0,00|0|060|6404|6404|0,00|12,00|0,00|0,00|0,00|0,00|0|||0,00|0,00|0,00|06|0,00|0,0000|||0,00|06|0,00|0,0000|||0,00||
|C100|1|0|03720910407|55|00|1|6856|29171211053630000140550010000068561000068561|15122017|15122017|44,00|0|0,00|0,00|44,00|0|0,00|0,00|44,00|0,00|0,00|0,00|0,00|0,00|0,00|0,00|0,00|0,00|
|C170|1|963|MANGUEIRA  1/2  SANSUY|4,00000|MT|44,00|0,00|0|060|6404|6404|0,00|12,00|0,00|0,00|0,00|0,00|0|||0,00|0,00|0,00|06|0,00|0,0000|||0,00|06|0,00|0,0000|||0,00||
|C100|1|0||55|02|1|6857|29171211053630000140550010000068571000068577|||||||||||||||||||||
|C100|1|0||55|02|1|6858|29171211053630000140550010000068581000068582|||||||||||||||||||||
|C100|1|0||55|02|1|6859|29171211053630000140550010000068591000068598|||||||||||||||||||||
|C100|1|0||55|02|1|6860|29171211053630000140550010000068601000068602|||||||||||||||||||||
|C100|1|0||55|02|1|6861|29171211053630000140550010000068611000068618|||||||||||||||||||||
|C100|1|0||55|02|1|6862|29171211053630000140550010000068621000068623|||||||||||||||||||||
|C100|1|0|20706111400|55|00|1|6863|29171211053630000140550010000068631000068639|15122017|15122017|470,00|1|0,00|0,00|470,00|0|0,00|0,00|470,00|0,00|0,00|0,00|0,00|0,00|0,00|0,00|0,00|0,00|
|C170|1|1682|FILTRO LUBRIFICANTE - 836647133|1,00000|PC|42,00|0,00|0|060|6404|6404|0,00|12,00|0,00|0,00|0,00|0,00|0|||0,00|0,00|0,00|06|0,00|0,0000|||0,00|06|0,00|0,0000|||0,00||
|C170|2|2997|LUBRAX EXTRA TURBO 15W40 20L|1,00000|BD|228,00|0,00|0|060|6404|6404|0,00|12,00|0,00|0,00|0,00|0,00|0|||0,00|0,00|0,00|06|0,00|0,0000|||0,00|06|0,00|0,0000|||0,00||
|C170|3|5066|GRAXA CHASSIS AZUL - 20KG|1,00000|BD|200,00|0,00|0|060|6404|6404|0,00|12,00|0,00|0,00|0,00|0,00|0|||0,00|0,00|0,00|06|0,00|0,0000|||0,00|06|0,00|0,0000|||0,00||
|C100|1|0|04914035421|55|00|1|6864|29171211053630000140550010000068641000068644|16122017|16122017|636,00|1|76,70|0,00|712,70|0|0,00|0,00|712,70|0,00|0,00|0,00|0,00|0,00|0,00|0,00|0,00|0,00|
|C170|1|140|ROLAMENTO 32212A|1,00000|PC|80,15|9,85|0|060|6404|6404|0,00|12,00|0,00|0,00|0,00|0,00|0|||0,00|0,00|0,00|06|0,00|0,0000|||0,00|06|0,00|0,0000|||0,00||
|C170|2|154|ROLAMENTO 32210A|1,00000|PC|36,51|4,49|0|060|6404|6404|0,00|12,00|0,00|0,00|0,00|0,00|0|||0,00|0,00|0,00|06|0,00|0,0000|||0,00|06|0,00|0,0000|||0,00||
|C170|3|1002|PARAFUSO DISCO ARADO C/ PORCA|5,00000|UND|9,45|0,00|0|060|6404|6404|0,00|12,00|0,00|0,00|0,00|0,00|0|||0,00|0,00|0,00|06|0,00|0,0000|||0,00|06|0,00|0,0000|||0,00||
|C170|4|1028|RETENTOR DO CUBO DO ARADO|1,00000|PC|18,70|2,30|0|060|6404|6404|0,00|12,00|0,00|0,00|0,00|0,00|0|||0,00|0,00|0,00|06|0,00|0,0000|||0,00|06|0,00|0,0000|||0,00||
|C170|5|1123|EIXO DO CUBO|1,00000|PC|416,77|51,23|0|060|6404|6404|0,00|12,00|0,00|0,00|0,00|0,00|0|||0,00|0,00|0,00|06|0,00|0,0000|||0,00|06|0,00|0,0000|||0,00||
|C170|6|1128|PORCA CASTELO|2,00000|PC|48,09|5,91|0|060|6404|6404|0,00|12,00|0,00|0,00|0,00|0,00|0|||0,00|0,00|0,00|06|0,00|0,0000|||0,00|06|0,00|0,0000|||0,00||
|C170|7|1129|TRAVA DA PORCA CASTELO|1,00000|PC|3,12|0,38|0|060|6404|6404|0,00|12,00|0,00|0,00|0,00|0,00|0|||0,00|0,00|0,00|06|0,00|0,0000|||0,00|06|0,00|0,0000|||0,00||
|C170|8|1130|PARAFUSO DE FENDA|5,00000|PC|1,11|0,14|0|060|6404|6404|0,00|12,00|0,00|0,00|0,00|0,00|0|||0,00|0,00|0,00|06|0,00|0,0000|||0,00|06|0,00|0,0000|||0,00||
|C170|9|1537|ANEL DE RETENCAO|1,00000|PC|10,69|1,31|0|060|6404|6404|0,00|12,00|0,00|0,00|0,00|0,00|0|||0,00|0,00|0,00|06|0,00|0,0000|||0,00|06|0,00|0,0000|||0,00||
|C170|10|2136|ARRUELA DE PRESSÃO 1/2|5,00000|PC|2,50|0,00|0|060|6404|6404|0,00|12,00|0,00|0,00|0,00|0,00|0|||0,00|0,00|0,00|06|0,00|0,0000|||0,00|06|0,00|0,0000|||0,00||
|C170|11|2389|TAMPA|1,00000|PC|8,91|1,09|0|060|6404|6404|0,00|12,00|0,00|0,00|0,00|0,00|0|||0,00|0,00|0,00|06|0,00|0,0000|||0,00|06|0,00|0,0000|||0,00||
|C100|1|0|99999999999|55|00|1|6865|29171211053630000140550010000068651000068650|16122017|16122017|40,00|2|0,00|0,00|40,00|0|0,00|0,00|80,00|0,00|0,00|0,00|0,00|0,00|0,00|0,00|0,00|0,00|
|C170|1|467|FLEXIVEL DO TANQUE|1,00000|PC|40,00|0,00|0|041|5929|5929|0,00|0,00|0,00|0,00|0,00|0,00|0|||0,00|0,00|0,00|49|0,00|0,0000|||0,00|49|0,00|0,0000|||0,00||
|C100|0|0|51924552515|55|00|1|6866|29171211053630000140550010000068661000068665|16122017|16122017|40,00|2|0,00|0,00|40,00|9|0,00|0,00|0,00|0,00|0,00|0,00|0,00|0,00|0,00|0,00|0,00|0,00|
|C170|1|467|FLEXIVEL DO TANQUE|1,00000|PC|40,00|0,00|0|041|1202|1202|0,00|0,00|0,00|0,00|0,00|0,00|0|||0,00|0,00|0,00|73|0,00|0,0000|||0,00|73|0,00|0,0000|||0,00||
|C100|1|0|88847686000363|55|00|1|6867|29171211053630000140550010000068671000068670|16122017|16122017|500,00|1|0,00|0,00|500,00|0|0,00|0,00|500,00|0,00|0,00|0,00|0,00|0,00|0,00|0,00|0,00|0,00|
|C170|1|56|TAMPA DA VALVULA JP 150|1,00000|PC|416,00|0,00|0|060|5405|5405|0,00|12,00|0,00|0,00|0,00|0,00|0|||0,00|0,00|0,00|06|0,00|0,0000|||0,00|06|0,00|0,0000|||0,00||
|C170|2|5503|VALVULA JP 150|6,00000|PC|84,00|0,00|0|060|5405|5405|0,00|12,00|0,00|0,00|0,00|0,00|0|||0,00|0,00|0,00|06|0,00|0,0000|||0,00|06|0,00|0,0000|||0,00||
|C100|1|0|90943759587|55|00|1|6868|29171211053630000140550010000068681000068686|16122017|16122017|500,00|1|117,00|0,00|617,00|0|0,00|0,00|617,00|0,00|0,00|0,00|0,00|0,00|0,00|0,00|0,00|0,00|
|C170|1|216|REPARO DAS CAMARAS|1,00000|PC|89,95|21,05|0|060|5405|5405|0,00|12,00|0,00|0,00|0,00|0,00|0|||0,00|0,00|0,00|06|0,00|0,0000|||0,00|06|0,00|0,0000|||0,00||
|C170|2|448|REPARO COMP HIDRAULICO|1,00000|PC|27,55|6,45|0|060|5405|5405|0,00|12,00|0,00|0,00|0,00|0,00|0|||0,00|0,00|0,00|06|0,00|0,0000|||0,00|06|0,00|0,0000|||0,00||
|C170|3|775|PRE FILTRO BANHO A OLEO|1,00000|PC|98,87|23,13|0|060|5405|5405|0,00|12,00|0,00|0,00|0,00|0,00|0|||0,00|0,00|0,00|06|0,00|0,0000|||0,00|06|0,00|0,0000|||0,00||
|C170|4|812|EIXO DA BB. HIDRAULICA|1,00000|PC|243,11|56,89|0|060|5405|5405|0,00|12,00|0,00|0,00|0,00|0,00|0|||0,00|0,00|0,00|06|0,00|0,0000|||0,00|06|0,00|0,0000|||0,00||
|C170|5|943|PINO DA BOMBA|2,00000|PC|19,45|4,55|0|060|5405|5405|0,00|12,00|0,00|0,00|0,00|0,00|0|||0,00|0,00|0,00|06|0,00|0,0000|||0,00|06|0,00|0,0000|||0,00||
|C170|6|3325|ARRUELA|2,00000|PC|21,07|4,93|0|060|5405|5405|0,00|12,00|0,00|0,00|0,00|0,00|0|||0,00|0,00|0,00|06|0,00|0,0000|||0,00|06|0,00|0,0000|||0,00||
|C100|1|0|01539564533|55|00|1|6869|29171211053630000140550010000068691000068691|18122017|18122017|330,00|1|27,50|0,00|357,50|0|0,00|0,00|357,50|0,00|0,00|0,00|0,00|0,00|0,00|0,00|0,00|0,00|
|C170|1|54|TERMOMETRO|1,00000|PC|82,44|7,56|0|060|5405|5405|0,00|12,00|0,00|0,00|0,00|0,00|0|||0,00|0,00|0,00|06|0,00|0,0000|||0,00|06|0,00|0,0000|||0,00||
|C170|2|663|ROLAMENTO DE ENCOSTO|1,00000|PC|43,06|3,94|0|060|5405|5405|0,00|12,00|0,00|0,00|0,00|0,00|0|||0,00|0,00|0,00|06|0,00|0,0000|||0,00|06|0,00|0,0000|||0,00||
|C170|3|713|ARRUELA LISA|2,00000|PC|0,92|0,08|0|060|5405|5405|0,00|12,00|0,00|0,00|0,00|0,00|0|||0,00|0,00|0,00|06|0,00|0,0000|||0,00|06|0,00|0,0000|||0,00||
|C170|4|746|PORCA CONICA 1/2|7,00000|PC|6,41|0,59|0|060|5405|5405|0,00|12,00|0,00|0,00|0,00|0,00|0|||0,00|0,00|0,00|06|0,00|0,0000|||0,00|06|0,00|0,0000|||0,00||
|C170|5|760|PORCA 5/8 - JB3716|2,00000|PC|1,83|0,17|0|060|5405|5405|0,00|12,00|0,00|0,00|0,00|0,00|0|||0,00|0,00|0,00|06|0,00|0,0000|||0,00|06|0,00|0,0000|||0,00||
|C170|6|1042|LAMPADA H3  DO FAROL|3,00000|PC|30,00|0,00|0|060|5405|5405|0,00|12,00|0,00|0,00|0,00|0,00|0|||0,00|0,00|0,00|06|0,00|0,0000|||0,00|06|0,00|0,0000|||0,00||
|C170|7|1059|PINO TRAVA ( 7/16X2 )|3,00000|PC|10,99|1,01|0|060|5405|5405|0,00|12,00|0,00|0,00|0,00|0,00|0|||0,00|0,00|0,00|06|0,00|0,0000|||0,00|06|0,00|0,0000|||0,00||
|C170|8|1060|PINO TRAVA 5.5MM|1,00000|PC|2,75|0,25|0|060|5405|5405|0,00|12,00|0,00|0,00|0,00|0,00|0|||0,00|0,00|0,00|06|0,00|0,0000|||0,00|06|0,00|0,0000|||0,00||
|C170|9|1174|CARCACA PRE FILTRO|1,00000|PC|13,74|1,26|0|060|5405|5405|0,00|12,00|0,00|0,00|0,00|0,00|0|||0,00|0,00|0,00|06|0,00|0,0000|||0,00|06|0,00|0,0000|||0,00||
|C170|10|1678|PARAFUSO DO CUBO|7,00000|PC|9,62|0,88|0|060|5405|5405|0,00|12,00|0,00|0,00|0,00|0,00|0|||0,00|0,00|0,00|06|0,00|0,0000|||0,00|06|0,00|0,0000|||0,00||
|C170|11|2823|ROTULA|1,00000|PC|128,24|11,76|0|060|5405|5405|0,00|12,00|0,00|0,00|0,00|0,00|0|||0,00|0,00|0,00|06|0,00|0,0000|||0,00|06|0,00|0,0000|||0,00||
|C100|1|0|18352634453|55|00|1|6870|29171211053630000140550010000068701000068706|18122017|18122017|400,00|0|51,00|0,00|451,00|0|0,00|0,00|451,00|0,00|0,00|0,00|0,00|0,00|0,00|0,00|0,00|0,00|
|C170|1|65|FILTRO CURTO - 836015106|1,00000|PC|12,42|1,58|0|060|5405|5405|0,00|12,00|0,00|0,00|0,00|0,00|0|||0,00|0,00|0,00|06|0,00|0,0000|||0,00|06|0,00|0,0000|||0,00||
|C170|2|207|FILTRO DE AR EXTERNO|1,00000|PC|51,44|6,56|0|060|5405|5405|0,00|12,00|0,00|0,00|0,00|0,00|0|||0,00|0,00|0,00|06|0,00|0,0000|||0,00|06|0,00|0,0000|||0,00||
|C170|3|471|FILTRO DE AR INTERNO|1,00000|PC|48,78|6,22|0|060|5405|5405|0,00|12,00|0,00|0,00|0,00|0,00|0|||0,00|0,00|0,00|06|0,00|0,0000|||0,00|06|0,00|0,0000|||0,00||
|C170|4|538|FILTRO LUBRIFACANTE - 71028|1,00000|PC|28,38|3,62|0|060|5405|5405|0,00|12,00|0,00|0,00|0,00|0,00|0|||0,00|0,00|0,00|06|0,00|0,0000|||0,00|06|0,00|0,0000|||0,00||
|C170|5|837|FILTRO DE AR EXTERNO|1,00000|PC|103,77|13,23|0|060|5405|5405|0,00|12,00|0,00|0,00|0,00|0,00|0|||0,00|0,00|0,00|06|0,00|0,0000|||0,00|06|0,00|0,0000|||0,00||
|C170|6|840|FILTRO DE AR INTERNO|1,00000|PC|74,50|9,50|0|060|5405|5405|0,00|12,00|0,00|0,00|0,00|0,00|0|||0,00|0,00|0,00|06|0,00|0,0000|||0,00|06|0,00|0,0000|||0,00||
|C170|7|2867|FILTRO LUBRIFICANTE - PSL338|1,00000|PC|80,71|10,29|0|060|5405|5405|0,00|12,00|0,00|0,00|0,00|0,00|0|||0,00|0,00|0,00|06|0,00|0,0000|||0,00|06|0,00|0,0000|||0,00||
|C100|1|0|51924552515|55|00|1|6871|29171211053630000140550010000068711000068711|18122017|18122017|90,00|2|0,00|0,00|90,00|9|0,00|0,00|90,00|0,00|0,00|0,00|0,00|0,00|0,00|0,00|0,00|0,00|
|C170|1|5503|VALVULA JP 150|6,00000|PC|90,00|0,00|0|060|5929|5929|0,00|0,00|0,00|0,00|0,00|0,00|0|||0,00|0,00|0,00|06|0,00|0,0000|||0,00|06|0,00|0,0000|||0,00||
|C100|0|0|51924552515|55|00|1|6872|29171211053630000140550010000068721000068727|18122017|18122017|90,00|2|0,00|0,00|90,00|1|0,00|0,00|90,00|0,00|0,00|0,00|0,00|0,00|0,00|0,00|0,00|0,00|
|C170|1|5503|VALVULA JP 150|6,00000|PC|90,00|0,00|0|060|1202|1202|0,00|0,00|0,00|0,00|0,00|0,00|0|||0,00|0,00|0,00|73|0,00|0,0000|||0,00|73|0,00|0,0000|||0,00||
|C100|1|0|63628104572|55|00|1|6873|29171211053630000140550010000068731000068732|18122017|18122017|412,50|0|2,50|0,00|415,00|0|0,00|0,00|415,00|0,00|0,00|0,00|0,00|0,00|0,00|0,00|0,00|0,00|
|C170|1|1143|ESTOPA 010|2,00000|UND|3,98|0,02|0|060|5405|5405|0,00|12,00|0,00|0,00|0,00|0,00|0|||0,00|0,00|0,00|06|0,00|0,0000|||0,00|06|0,00|0,0000|||0,00||
|C170|2|1430|COLA SILICONE PRETA|1,00000|PC|11,93|0,07|0|060|5405|5405|0,00|12,00|0,00|0,00|0,00|0,00|0|||0,00|0,00|0,00|06|0,00|0,0000|||0,00|06|0,00|0,0000|||0,00||
|C170|3|3224|VALVULA BOMBA|1,00000|PC|201,77|1,23|0|060|5405|5405|0,00|12,00|0,00|0,00|0,00|0,00|0|||0,00|0,00|0,00|06|0,00|0,0000|||0,00|06|0,00|0,0000|||0,00||
|C170|4|6170|VALVULA|1,00000|PC|194,82|1,18|0|060|5405|5405|0,00|12,00|0,00|0,00|0,00|0,00|0|||0,00|0,00|0,00|06|0,00|0,0000|||0,00|06|0,00|0,0000|||0,00||
|C100|1|0|69954626000133|55|00|1|6874|29171211053630000140550010000068741000068748|18122017|18122017|1515,00|1|123,00|0,00|1638,00|0|0,00|0,00|1638,00|0,00|0,00|0,00|0,00|0,00|0,00|0,00|0,00|0,00|
|C170|1|495|INTERRUPTOR DE PARTIDA|5,00000|PC|319,09|25,91|0|060|5405|5405|0,00|12,00|0,00|0,00|0,00|0,00|0|||0,00|0,00|0,00|06|0,00|0,0000|||0,00|06|0,00|0,0000|||0,00||
|C170|2|2110|CORREIA TRAP SUPER HC|3,00000|PC|1195,91|97,09|0|060|5405|5405|0,00|12,00|0,00|0,00|0,00|0,00|0|||0,00|0,00|0,00|06|0,00|0,0000|||0,00|06|0,00|0,0000|||0,00||
|C100|1|0|04785526000266|55|00|1|6875|29171211053630000140550010000068751000068753|19122017|19122017|26,00|1|0,00|0,00|26,00|0|0,00|0,00|26,00|0,00|0,00|0,00|0,00|0,00|0,00|0,00|0,00|0,00|
|C170|1|486|HASTE DO COMANDO|1,00000|PC|26,00|0,00|0|060|6404|6404|0,00|12,00|0,00|0,00|0,00|0,00|0|||0,00|0,00|0,00|06|0,00|0,0000|||0,00|06|0,00|0,0000|||0,00||
|C100|1|0|04001048493|55|00|1|6876|29171211053630000140550010000068761000068769|19122017|19122017|306,00|1|0,00|0,00|306,00|0|0,00|0,00|306,00|0,00|0,00|0,00|0,00|0,00|0,00|0,00|0,00|0,00|
|C170|1|464|FAROL DE SERVICO - 81809600|1,00000|PC|115,00|0,00|0|060|6404|6404|0,00|12,00|0,00|0,00|0,00|0,00|0|||0,00|0,00|0,00|06|0,00|0,0000|||0,00|06|0,00|0,0000|||0,00||
|C170|2|1042|LAMPADA H3  DO FAROL|1,00000|PC|11,00|0,00|0|060|6404|6404|0,00|12,00|0,00|0,00|0,00|0,00|0|||0,00|0,00|0,00|06|0,00|0,0000|||0,00|06|0,00|0,0000|||0,00||
|C170|3|2099|BICO SUBSOLADOR REFORCADO|4,00000|PC|180,00|0,00|0|060|6404|6404|0,00|12,00|0,00|0,00|0,00|0,00|0|||0,00|0,00|0,00|06|0,00|0,0000|||0,00|06|0,00|0,0000|||0,00||
|C100|1|0|47051787420|55|00|1|6877|29171211053630000140550010000068771000068774|19122017|19122017|498,00|1|78,00|0,00|576,00|0|0,00|0,00|576,00|0,00|0,00|0,00|0,00|0,00|0,00|0,00|0,00|0,00|
|C170|1|215|FILTRO COMBUSTIVEL - 81248200|1,00000|PC|15,56|2,44|0|060|6404|6404|0,00|12,00|0,00|0,00|0,00|0,00|0|||0,00|0,00|0,00|06|0,00|0,0000|||0,00|06|0,00|0,0000|||0,00||
|C170|2|322|ENGATE RAPIDO|2,00000|PC|207,51|32,49|0|060|6404|6404|0,00|12,00|0,00|0,00|0,00|0,00|0|||0,00|0,00|0,00|06|0,00|0,0000|||0,00|06|0,00|0,0000|||0,00||
|C170|3|837|FILTRO DE AR EXTERNO|2,00000|PC|202,31|31,69|0|060|6404|6404|0,00|12,00|0,00|0,00|0,00|0,00|0|||0,00|0,00|0,00|06|0,00|0,0000|||0,00|06|0,00|0,0000|||0,00||
|C170|4|840|FILTRO DE AR INTERNO|1,00000|PC|72,62|11,38|0|060|6404|6404|0,00|12,00|0,00|0,00|0,00|0,00|0|||0,00|0,00|0,00|06|0,00|0,0000|||0,00|06|0,00|0,0000|||0,00||
|C100|1|0|51924552515|55|00|1|6878|29171211053630000140550010000068781000068780|19122017|19122017|190,00|1|0,00|0,00|190,00|0|0,00|0,00|190,00|0,00|0,00|0,00|0,00|0,00|0,00|0,00|0,00|0,00|
|C170|1|1125|PAR ROCADOR 1,70MM|1,00000|PC|190,00|0,00|0|060|5405|5405|0,00|12,00|0,00|0,00|0,00|0,00|0|||0,00|0,00|0,00|06|0,00|0,0000|||0,00|06|0,00|0,0000|||0,00||
|C100|1|0|05334163883|55|00|1|6879|29171211053630000140550010000068791000068795|19122017|19122017|170,00|1|0,00|0,00|170,00|0|0,00|0,00|170,00|0,00|0,00|0,00|0,00|0,00|0,00|0,00|0,00|0,00|
|C170|1|1102|PAR ROCADOR 1.50M|1,00000|PC|170,00|0,00|0|060|6404|6404|0,00|12,00|0,00|0,00|0,00|0,00|0|||0,00|0,00|0,00|06|0,00|0,0000|||0,00|06|0,00|0,0000|||0,00||
|C100|1|0|12786836000142|55|00|1|6880|29171211053630000140550010000068801000068800|19122017|19122017|505,00|1|0,00|0,00|505,00|0|0,00|0,00|505,00|0,00|0,00|0,00|0,00|0,00|0,00|0,00|0,00|0,00|
|C170|1|6568|BRACO DO LEVANTE KP|1,00000|PC|505,00|0,00|0|060|6404|6404|0,00|12,00|0,00|0,00|0,00|0,00|0|||0,00|0,00|0,00|06|0,00|0,0000|||0,00|06|0,00|0,0000|||0,00||
|C100|1|0|07864124534|55|00|1|6881|29171211053630000140550010000068811000068815|20122017|20122017|165,00|1|0,00|0,00|165,00|0|0,00|0,00|165,00|0,00|0,00|0,00|0,00|0,00|0,00|0,00|0,00|0,00|
|C170|1|1002|PARAFUSO DISCO ARADO C/ PORCA|12,00000|UND|24,00|0,00|0|060|5405|5405|0,00|12,00|0,00|0,00|0,00|0,00|0|||0,00|0,00|0,00|06|0,00|0,0000|||0,00|06|0,00|0,0000|||0,00||
|C170|2|2099|BICO SUBSOLADOR REFORCADO|3,00000|PC|135,00|0,00|0|060|5405|5405|0,00|12,00|0,00|0,00|0,00|0,00|0|||0,00|0,00|0,00|06|0,00|0,0000|||0,00|06|0,00|0,0000|||0,00||
|C170|3|2136|ARRUELA DE PRESSÃO 1/2|12,00000|PC|6,00|0,00|0|060|5405|5405|0,00|12,00|0,00|0,00|0,00|0,00|0|||0,00|0,00|0,00|06|0,00|0,0000|||0,00|06|0,00|0,0000|||0,00||
|C100|1|0|65248040400|55|00|1|6882|29171211053630000140550010000068821000068820|20122017|20122017|1026,20|1|0,00|0,00|1026,20|0|0,00|0,00|1026,20|0,00|0,00|0,00|0,00|0,00|0,00|0,00|0,00|0,00|
|C170|1|215|FILTRO COMBUSTIVEL - 81248200|1,00000|PC|18,00|0,00|0|060|5405|5405|0,00|12,00|0,00|0,00|0,00|0,00|0|||0,00|0,00|0,00|06|0,00|0,0000|||0,00|06|0,00|0,0000|||0,00||
|C170|2|480|GRAXEIRA 1/4 RETA|2,00000|PC|1,20|0,00|0|060|5405|5405|0,00|12,00|0,00|0,00|0,00|0,00|0|||0,00|0,00|0,00|06|0,00|0,0000|||0,00|06|0,00|0,0000|||0,00||
|C170|3|538|FILTRO LUBRIFACANTE - 71028|1,00000|PC|32,00|0,00|0|060|5405|5405|0,00|12,00|0,00|0,00|0,00|0,00|0|||0,00|0,00|0,00|06|0,00|0,0000|||0,00|06|0,00|0,0000|||0,00||
|C170|4|589|CAPA PROTETORA DO CAMBIO|1,00000|PC|5,00|0,00|0|060|5405|5405|0,00|12,00|0,00|0,00|0,00|0,00|0|||0,00|0,00|0,00|06|0,00|0,0000|||0,00|06|0,00|0,0000|||0,00||
|C170|5|837|FILTRO DE AR EXTERNO|1,00000|PC|117,00|0,00|0|060|5405|5405|0,00|12,00|0,00|0,00|0,00|0,00|0|||0,00|0,00|0,00|06|0,00|0,0000|||0,00|06|0,00|0,0000|||0,00||
|C170|6|840|FILTRO DE AR INTERNO|1,00000|PC|84,00|0,00|0|060|5405|5405|0,00|12,00|0,00|0,00|0,00|0,00|0|||0,00|0,00|0,00|06|0,00|0,0000|||0,00|06|0,00|0,0000|||0,00||
|C170|7|867|GRAXEIRA CURVA 1/4|3,00000|PC|4,50|0,00|0|060|5405|5405|0,00|12,00|0,00|0,00|0,00|0,00|0|||0,00|0,00|0,00|06|0,00|0,0000|||0,00|06|0,00|0,0000|||0,00||
|C170|8|1271|GRAXEIRA 3/8 RETA|5,00000|PC|7,50|0,00|0|060|5405|5405|0,00|12,00|0,00|0,00|0,00|0,00|0|||0,00|0,00|0,00|06|0,00|0,0000|||0,00|06|0,00|0,0000|||0,00||
|C170|9|2445|BARRA  RETA - 3604908|2,00000|PC|634,00|0,00|0|060|5405|5405|0,00|12,00|0,00|0,00|0,00|0,00|0|||0,00|0,00|0,00|06|0,00|0,0000|||0,00|06|0,00|0,0000|||0,00||
|C170|10|3145|LUBRAX EXTRA TURBO 15W40 3L|3,00000|GL|123,00|0,00|0|060|5405|5405|0,00|12,00|0,00|0,00|0,00|0,00|0|||0,00|0,00|0,00|06|0,00|0,0000|||0,00|06|0,00|0,0000|||0,00||
|C100|1|0|79202063400|55|00|1|6883|29171211053630000140550010000068831000068836|20122017|20122017|7000,00|1|1449,00|0,00|8449,00|0|0,00|0,00|8449,00|0,00|0,00|0,00|0,00|0,00|0,00|0,00|0,00|0,00|
|C170|1|141|TAMPA DE VALVULA|1,00000|PC|202,98|42,02|0|060|5405|5405|0,00|12,00|0,00|0,00|0,00|0,00|0|||0,00|0,00|0,00|06|0,00|0,0000|||0,00|06|0,00|0,0000|||0,00||
|C170|2|190|SHELL RIMULA RT4 X 15 W 40 BALDE 20 L|1,00000|BD|219,55|45,45|0|060|5405|5405|0,00|12,00|0,00|0,00|0,00|0,00|0|||0,00|0,00|0,00|06|0,00|0,0000|||0,00|06|0,00|0,0000|||0,00||
|C170|3|215|FILTRO COMBUSTIVEL - 81248200|1,00000|PC|14,91|3,09|0|060|5405|5405|0,00|12,00|0,00|0,00|0,00|0,00|0|||0,00|0,00|0,00|06|0,00|0,0000|||0,00|06|0,00|0,0000|||0,00||
|C170|4|498|INTERRUPTOR DE FAROIS|1,00000|PC|50,54|10,46|0|060|5405|5405|0,00|12,00|0,00|0,00|0,00|0,00|0|||0,00|0,00|0,00|06|0,00|0,0000|||0,00|06|0,00|0,0000|||0,00||
|C170|5|660|ARRUELA DE 5X16|4,00000|PC|3,31|0,69|0|060|5405|5405|0,00|12,00|0,00|0,00|0,00|0,00|0|||0,00|0,00|0,00|06|0,00|0,0000|||0,00|06|0,00|0,0000|||0,00||
|C170|6|695|TAMPA  RADIADOR - 589360|2,00000|PC|13,26|2,74|0|060|5405|5405|0,00|12,00|0,00|0,00|0,00|0,00|0|||0,00|0,00|0,00|06|0,00|0,0000|||0,00|06|0,00|0,0000|||0,00||
|C170|7|736|TORNEIRA DE ALUMINIO|1,00000|PC|38,94|8,06|0|060|5405|5405|0,00|12,00|0,00|0,00|0,00|0,00|0|||0,00|0,00|0,00|06|0,00|0,0000|||0,00|06|0,00|0,0000|||0,00||
|C170|8|745|CORREIA 3VX-0450|5,00000|PC|215,41|44,59|0|060|5405|5405|0,00|12,00|0,00|0,00|0,00|0,00|0|||0,00|0,00|0,00|06|0,00|0,0000|||0,00|06|0,00|0,0000|||0,00||
|C170|9|795|PARAFUSO LATARIA 5/16 X 5/8|2,00000|PC|2,49|0,51|0|060|5405|5405|0,00|12,00|0,00|0,00|0,00|0,00|0|||0,00|0,00|0,00|06|0,00|0,0000|||0,00|06|0,00|0,0000|||0,00||
|C170|10|1042|LAMPADA H3  DO FAROL|4,00000|PC|36,45|7,55|0|060|5405|5405|0,00|12,00|0,00|0,00|0,00|0,00|0|||0,00|0,00|0,00|06|0,00|0,0000|||0,00|06|0,00|0,0000|||0,00||
|C170|11|1061|PINO TRAVA  9MM - 587030|3,00000|PC|7,46|1,54|0|060|5405|5405|0,00|12,00|0,00|0,00|0,00|0,00|0|||0,00|0,00|0,00|06|0,00|0,0000|||0,00|06|0,00|0,0000|||0,00||
|C170|12|1143|ESTOPA 010|10,00000|UND|16,57|3,43|0|060|5405|5405|0,00|12,00|0,00|0,00|0,00|0,00|0|||0,00|0,00|0,00|06|0,00|0,0000|||0,00|06|0,00|0,0000|||0,00||
|C170|13|1199|POLIA|1,00000|PC|1695,11|350,89|0|060|5405|5405|0,00|12,00|0,00|0,00|0,00|0,00|0|||0,00|0,00|0,00|06|0,00|0,0000|||0,00|06|0,00|0,0000|||0,00||
|C170|14|1200|ROLAMENTO COMPENSADOR UC209|1,00000|PC|318,97|66,03|0|060|5405|5405|0,00|12,00|0,00|0,00|0,00|0,00|0|||0,00|0,00|0,00|06|0,00|0,0000|||0,00|06|0,00|0,0000|||0,00||
|C170|15|1220|RETENTOR|1,00000|PC|3,31|0,69|0|060|5405|5405|0,00|12,00|0,00|0,00|0,00|0,00|0|||0,00|0,00|0,00|06|0,00|0,0000|||0,00|06|0,00|0,0000|||0,00||
|C170|16|1251|FUSIVEL ENCAIXE 20A|20,00000|PC|16,57|3,43|0|060|5405|5405|0,00|12,00|0,00|0,00|0,00|0,00|0|||0,00|0,00|0,00|06|0,00|0,0000|||0,00|06|0,00|0,0000|||0,00||
|C170|17|1356|DISCO RECORTADO DE GRADE 28 X 6|2,00000|PC|343,00|71,00|0|060|5405|5405|0,00|12,00|0,00|0,00|0,00|0,00|0|||0,00|0,00|0,00|06|0,00|0,0000|||0,00|06|0,00|0,0000|||0,00||
|C170|18|1415|ABRACADEIRA LARGA 22X32 ( 423814)|4,00000|PC|16,57|3,43|0|060|5405|5405|0,00|12,00|0,00|0,00|0,00|0,00|0|||0,00|0,00|0,00|06|0,00|0,0000|||0,00|06|0,00|0,0000|||0,00||
|C170|19|1416|BICO DE ENGATE 3/4|1,00000|PC|45,57|9,43|0|060|5405|5405|0,00|12,00|0,00|0,00|0,00|0,00|0|||0,00|0,00|0,00|06|0,00|0,0000|||0,00|06|0,00|0,0000|||0,00||
|C170|20|1430|COLA SILICONE PRETA|2,00000|PC|19,88|4,12|0|060|5405|5405|0,00|12,00|0,00|0,00|0,00|0,00|0|||0,00|0,00|0,00|06|0,00|0,0000|||0,00|06|0,00|0,0000|||0,00||
|C170|21|1432|TRAVA ROSCA|2,00000|PC|19,88|4,12|0|060|5405|5405|0,00|12,00|0,00|0,00|0,00|0,00|0|||0,00|0,00|0,00|06|0,00|0,0000|||0,00|06|0,00|0,0000|||0,00||
|C170|22|1556|LAMPADA 2 POLOS DESIGUAIS|1,00000|PC|2,49|0,51|0|060|5405|5405|0,00|12,00|0,00|0,00|0,00|0,00|0|||0,00|0,00|0,00|06|0,00|0,0000|||0,00|06|0,00|0,0000|||0,00||
|C170|23|1558|LAMPADA H5  BIODO REDONDA|1,00000|PC|29,00|6,00|0|060|5405|5405|0,00|12,00|0,00|0,00|0,00|0,00|0|||0,00|0,00|0,00|06|0,00|0,0000|||0,00|06|0,00|0,0000|||0,00||
|C170|24|1564|RELE AUXILIAR|2,00000|PC|34,80|7,20|0|060|5405|5405|0,00|12,00|0,00|0,00|0,00|0,00|0|||0,00|0,00|0,00|06|0,00|0,0000|||0,00|06|0,00|0,0000|||0,00||
|C170|25|1565|RELE PARTIDA 40A 12V|1,00000|PC|19,88|4,12|0|060|5405|5405|0,00|12,00|0,00|0,00|0,00|0,00|0|||0,00|0,00|0,00|06|0,00|0,0000|||0,00|06|0,00|0,0000|||0,00||
|C170|26|1753|ANEL|3,00000|PC|2,49|0,51|0|060|5405|5405|0,00|12,00|0,00|0,00|0,00|0,00|0|||0,00|0,00|0,00|06|0,00|0,0000|||0,00|06|0,00|0,0000|||0,00||
|C170|27|1980|FAROL RETANGULAR S/L|2,00000|PC|235,29|48,71|0|060|5405|5405|0,00|12,00|0,00|0,00|0,00|0,00|0|||0,00|0,00|0,00|06|0,00|0,0000|||0,00|06|0,00|0,0000|||0,00||
|C170|28|2015|DISCO RECORTADO BALDAN 20 X 4,5|12,00000|PC|864,95|179,05|0|060|5405|5405|0,00|12,00|0,00|0,00|0,00|0,00|0|||0,00|0,00|0,00|06|0,00|0,0000|||0,00|06|0,00|0,0000|||0,00||
|C170|29|2042|GUARDA PO DA ARTICULACAO|2,00000|PC|9,94|2,06|0|060|5405|5405|0,00|12,00|0,00|0,00|0,00|0,00|0|||0,00|0,00|0,00|06|0,00|0,0000|||0,00|06|0,00|0,0000|||0,00||
|C170|30|2178|ABRACADEIRA ( 14X22 ) 107664|4,00000|PC|6,63|1,37|0|060|5405|5405|0,00|12,00|0,00|0,00|0,00|0,00|0|||0,00|0,00|0,00|06|0,00|0,0000|||0,00|06|0,00|0,0000|||0,00||
|C170|31|2179|ABRACADEIRA ( 12X16 ) 063370|4,00000|PC|6,63|1,37|0|060|5405|5405|0,00|12,00|0,00|0,00|0,00|0,00|0|||0,00|0,00|0,00|06|0,00|0,0000|||0,00|06|0,00|0,0000|||0,00||
|C170|32|2454|TAMPA OLEO|1,00000|PC|7,46|1,54|0|060|5405|5405|0,00|12,00|0,00|0,00|0,00|0,00|0|||0,00|0,00|0,00|06|0,00|0,0000|||0,00|06|0,00|0,0000|||0,00||
|C170|33|2620|PINO ENGATE SEM ARGOLA|1,00000|PC|23,20|4,80|0|060|5405|5405|0,00|12,00|0,00|0,00|0,00|0,00|0|||0,00|0,00|0,00|06|0,00|0,0000|||0,00|06|0,00|0,0000|||0,00||
|C170|34|2730|PARAFUSO 1/4 X 3/4|2,00000|PC|0,83|0,17|0|060|5405|5405|0,00|12,00|0,00|0,00|0,00|0,00|0|||0,00|0,00|0,00|06|0,00|0,0000|||0,00|06|0,00|0,0000|||0,00||
|C170|35|2820|PARAFUSO|4,00000|PC|6,63|1,37|0|060|5405|5405|0,00|12,00|0,00|0,00|0,00|0,00|0|||0,00|0,00|0,00|06|0,00|0,0000|||0,00|06|0,00|0,0000|||0,00||
|C170|36|3001|POLIA|1,00000|PC|868,27|179,73|0|060|5405|5405|0,00|12,00|0,00|0,00|0,00|0,00|0|||0,00|0,00|0,00|06|0,00|0,0000|||0,00|06|0,00|0,0000|||0,00||
|C170|37|3630|VEDACAO|1,00000|PC|2,49|0,51|0|060|5405|5405|0,00|12,00|0,00|0,00|0,00|0,00|0|||0,00|0,00|0,00|06|0,00|0,0000|||0,00|06|0,00|0,0000|||0,00||
|C170|38|3848|BICO|1,00000|PC|65,45|13,55|0|060|5405|5405|0,00|12,00|0,00|0,00|0,00|0,00|0|||0,00|0,00|0,00|06|0,00|0,0000|||0,00|06|0,00|0,0000|||0,00||
|C170|39|4120|ARRUELA|4,00000|PC|1,66|0,34|0|060|5405|5405|0,00|12,00|0,00|0,00|0,00|0,00|0|||0,00|0,00|0,00|06|0,00|0,0000|||0,00|06|0,00|0,0000|||0,00||
|C170|40|4905|BUJAO 0 1.1/4|1,00000|PC|11,60|2,40|0|060|5405|5405|0,00|12,00|0,00|0,00|0,00|0,00|0|||0,00|0,00|0,00|06|0,00|0,0000|||0,00|06|0,00|0,0000|||0,00||
|C170|41|5537|SUPORTE ENGATE|1,00000|PC|323,12|66,88|0|060|5405|5405|0,00|12,00|0,00|0,00|0,00|0,00|0|||0,00|0,00|0,00|06|0,00|0,0000|||0,00|06|0,00|0,0000|||0,00||
|C170|42|5601|LUBRAX 140 1L|3,00000|UND|37,28|7,72|0|060|5405|5405|0,00|12,00|0,00|0,00|0,00|0,00|0|||0,00|0,00|0,00|06|0,00|0,0000|||0,00|06|0,00|0,0000|||0,00||
|C170|43|5688|PARAFUSO LUVA|2,00000|PC|4,97|1,03|0|060|5405|5405|0,00|12,00|0,00|0,00|0,00|0,00|0|||0,00|0,00|0,00|06|0,00|0,0000|||0,00|06|0,00|0,0000|||0,00||
|C170|44|5749|KIT REPARO|1,00000|PC|291,63|60,37|0|060|5405|5405|0,00|12,00|0,00|0,00|0,00|0,00|0|||0,00|0,00|0,00|06|0,00|0,0000|||0,00|06|0,00|0,0000|||0,00||
|C170|45|5949|SOQUETE FAROL|2,00000|PC|14,91|3,09|0|060|5405|5405|0,00|12,00|0,00|0,00|0,00|0,00|0|||0,00|0,00|0,00|06|0,00|0,0000|||0,00|06|0,00|0,0000|||0,00||
|C170|46|6065|FILTRO LUBRIFICANTE - 71029|2,00000|PC|77,88|16,12|0|060|5405|5405|0,00|12,00|0,00|0,00|0,00|0,00|0|||0,00|0,00|0,00|06|0,00|0,0000|||0,00|06|0,00|0,0000|||0,00||
|C170|47|6200|POLIA 353946|1,00000|PC|612,26|126,74|0|060|5405|5405|0,00|12,00|0,00|0,00|0,00|0,00|0|||0,00|0,00|0,00|06|0,00|0,0000|||0,00|06|0,00|0,0000|||0,00||
|C170|48|6377|SEPARADOR DISCO|2,00000|PC|137,53|28,47|0|060|5405|5405|0,00|12,00|0,00|0,00|0,00|0,00|0|||0,00|0,00|0,00|06|0,00|0,0000|||0,00|06|0,00|0,0000|||0,00||
|C100|1|0|31238831400|55|00|1|6884|29171211053630000140550010000068841000068841|20122017|20122017|930,00|1|0,00|0,00|930,00|0|0,00|0,00|930,00|0,00|0,00|0,00|0,00|0,00|0,00|0,00|0,00|0,00|
|C170|1|5353|BOMBA ELETRICA|1,00000|PC|930,00|0,00|0|060|6404|6404|0,00|12,00|0,00|0,00|0,00|0,00|0|||0,00|0,00|0,00|06|0,00|0,0000|||0,00|06|0,00|0,0000|||0,00||
|C100|1|0|66656583504|55|00|1|6885|29171211053630000140550010000068851000068857|20122017|20122017|1000,00|1|0,00|0,00|1000,00|0|0,00|0,00|1000,00|0,00|0,00|0,00|0,00|0,00|0,00|0,00|0,00|0,00|
|C170|1|55|PA DO VENTILADOR|10,00000|PC|520,00|0,00|0|060|5405|5405|0,00|12,00|0,00|0,00|0,00|0,00|0|||0,00|0,00|0,00|06|0,00|0,0000|||0,00|06|0,00|0,0000|||0,00||
|C170|2|68|TUBO RETORNO|3,00000|PC|63,00|0,00|0|060|5405|5405|0,00|12,00|0,00|0,00|0,00|0,00|0|||0,00|0,00|0,00|06|0,00|0,0000|||0,00|06|0,00|0,0000|||0,00||
|C170|3|1753|ANEL|10,00000|PC|10,00|0,00|0|060|5405|5405|0,00|12,00|0,00|0,00|0,00|0,00|0|||0,00|0,00|0,00|06|0,00|0,0000|||0,00|06|0,00|0,0000|||0,00||
|C170|4|2145|CORREIA|6,00000|PC|300,00|0,00|0|060|5405|5405|0,00|12,00|0,00|0,00|0,00|0,00|0|||0,00|0,00|0,00|06|0,00|0,0000|||0,00|06|0,00|0,0000|||0,00||
|C170|5|3644|RETENTOR|1,00000|UND|27,00|0,00|0|060|5405|5405|0,00|12,00|0,00|0,00|0,00|0,00|0|||0,00|0,00|0,00|06|0,00|0,0000|||0,00|06|0,00|0,0000|||0,00||
|C170|6|3800|ROLAMENTO - 717173|1,00000|UND|38,00|0,00|0|060|5405|5405|0,00|12,00|0,00|0,00|0,00|0,00|0|||0,00|0,00|0,00|06|0,00|0,0000|||0,00|06|0,00|0,0000|||0,00||
|C170|7|6027|ROLAMENTO|1,00000|UND|42,00|0,00|0|060|5405|5405|0,00|12,00|0,00|0,00|0,00|0,00|0|||0,00|0,00|0,00|06|0,00|0,0000|||0,00|06|0,00|0,0000|||0,00||
|C100|1|0|97719838572|55|00|1|6886|29171211053630000140550010000068861000068862|21122017|21122017|3,00|1|0,00|0,00|3,00|0|0,00|0,00|3,00|0,00|0,00|0,00|0,00|0,00|0,00|0,00|0,00|0,00|
|C170|1|1251|FUSIVEL ENCAIXE 20A|3,00000|PC|3,00|0,00|0|060|5405|5405|0,00|12,00|0,00|0,00|0,00|0,00|0|||0,00|0,00|0,00|06|0,00|0,0000|||0,00|06|0,00|0,0000|||0,00||
|C100|1|0|03571344430|55|00|1|6887|29171211053630000140550010000068871000068878|21122017|21122017|750,00|1|5,65|0,00|755,65|0|0,00|0,00|755,65|0,00|0,00|0,00|0,00|0,00|0,00|0,00|0,00|0,00|
|C170|1|217|CRUZETA  CC36|2,00000|PC|77,42|0,58|0|060|5405|5405|0,00|12,00|0,00|0,00|0,00|0,00|0|||0,00|0,00|0,00|06|0,00|0,0000|||0,00|06|0,00|0,0000|||0,00||
|C170|2|223|TERMINAL ENGATE RAPIDO|1,00000|PC|50,62|0,38|0|060|5405|5405|0,00|12,00|0,00|0,00|0,00|0,00|0|||0,00|0,00|0,00|06|0,00|0,0000|||0,00|06|0,00|0,0000|||0,00||
|C170|3|225|TERMINAL FURO RODONDO|1,00000|PC|59,55|0,45|0|060|5405|5405|0,00|12,00|0,00|0,00|0,00|0,00|0|||0,00|0,00|0,00|06|0,00|0,0000|||0,00|06|0,00|0,0000|||0,00||
|C170|4|230|TUBO QUADRADO|1,00000|PC|42,68|0,32|0|060|5405|5405|0,00|12,00|0,00|0,00|0,00|0,00|0|||0,00|0,00|0,00|06|0,00|0,0000|||0,00|06|0,00|0,0000|||0,00||
|C170|5|231|BARRA QUADRADA|1,00000|PC|85,36|0,64|0|060|5405|5405|0,00|12,00|0,00|0,00|0,00|0,00|0|||0,00|0,00|0,00|06|0,00|0,0000|||0,00|06|0,00|0,0000|||0,00||
|C170|6|267|TERMINAL FURO QUADRADO|1,00000|PC|38,71|0,29|0|060|5405|5405|0,00|12,00|0,00|0,00|0,00|0,00|0|||0,00|0,00|0,00|06|0,00|0,0000|||0,00|06|0,00|0,0000|||0,00||
|C170|7|1143|ESTOPA 010|1,00000|UND|1,99|0,01|0|060|5405|5405|0,00|12,00|0,00|0,00|0,00|0,00|0|||0,00|0,00|0,00|06|0,00|0,0000|||0,00|06|0,00|0,0000|||0,00||
|C170|8|1150|PINO ELASTICO|2,00000|PC|1,99|0,01|0|060|5405|5405|0,00|12,00|0,00|0,00|0,00|0,00|0|||0,00|0,00|0,00|06|0,00|0,0000|||0,00|06|0,00|0,0000|||0,00||
|C170|9|1639|FILTRO COM VALVULA - M693|1,00000|PC|239,20|1,80|0|060|5405|5405|0,00|12,00|0,00|0,00|0,00|0,00|0|||0,00|0,00|0,00|06|0,00|0,0000|||0,00|06|0,00|0,0000|||0,00||
|C170|10|1652|LUVA|1,00000|PC|73,45|0,55|0|060|5405|5405|0,00|12,00|0,00|0,00|0,00|0,00|0|||0,00|0,00|0,00|06|0,00|0,0000|||0,00|06|0,00|0,0000|||0,00||
|C170|11|2821|PORCA|1,00000|PC|1,99|0,01|0|060|5405|5405|0,00|12,00|0,00|0,00|0,00|0,00|0|||0,00|0,00|0,00|06|0,00|0,0000|||0,00|06|0,00|0,0000|||0,00||
|C170|12|2983|PARAFUSO|1,00000|PC|3,47|0,03|0|060|5405|5405|0,00|12,00|0,00|0,00|0,00|0,00|0|||0,00|0,00|0,00|06|0,00|0,0000|||0,00|06|0,00|0,0000|||0,00||
|C170|13|3648|CHAVETA|1,00000|UND|5,96|0,04|0|060|5405|5405|0,00|12,00|0,00|0,00|0,00|0,00|0|||0,00|0,00|0,00|06|0,00|0,0000|||0,00|06|0,00|0,0000|||0,00||
|C170|14|3922|PONTEIRA  ENTALHADA - 13 ESTRIAS|2,00000|PC|47,61|0,39|0|060|5405|5405|0,00|12,00|0,00|0,00|0,00|0,00|0|||0,00|0,00|0,00|06|0,00|0,0000|||0,00|06|0,00|0,0000|||0,00||
|C170|15|4944|ARRUELA 1/2|1,00000|PC|0,15|0,00|0|060|5405|5405|0,00|12,00|0,00|0,00|0,00|0,00|0|||0,00|0,00|0,00|06|0,00|0,0000|||0,00|06|0,00|0,0000|||0,00||
|C170|16|6192|MANGUEIRA SUCCAO 1.1/4|2,00000|MT|19,85|0,15|0|060|5405|5405|0,00|12,00|0,00|0,00|0,00|0,00|0|||0,00|0,00|0,00|06|0,00|0,0000|||0,00|06|0,00|0,0000|||0,00||
|C100|1|0|04161198400|55|00|1|6888|29171211053630000140550010000068881000068883|21122017|21122017|190,00|1|0,00|0,00|190,00|0|0,00|0,00|190,00|0,00|0,00|0,00|0,00|0,00|0,00|0,00|0,00|0,00|
|C170|1|215|FILTRO COMBUSTIVEL - 81248200|1,00000|PC|18,00|0,00|0|060|5405|5405|0,00|12,00|0,00|0,00|0,00|0,00|0|||0,00|0,00|0,00|06|0,00|0,0000|||0,00|06|0,00|0,0000|||0,00||
|C170|2|811|RETENDOR SEMI EIXO - 81185300|1,00000|PC|11,00|0,00|0|060|5405|5405|0,00|12,00|0,00|0,00|0,00|0,00|0|||0,00|0,00|0,00|06|0,00|0,0000|||0,00|06|0,00|0,0000|||0,00||
|C170|3|1143|ESTOPA 010|1,00000|UND|2,00|0,00|0|060|5405|5405|0,00|12,00|0,00|0,00|0,00|0,00|0|||0,00|0,00|0,00|06|0,00|0,0000|||0,00|06|0,00|0,0000|||0,00||
|C170|4|2800|LUBRAX 90 1L|2,00000|PC|28,00|0,00|0|060|5405|5405|0,00|12,00|0,00|0,00|0,00|0,00|0|||0,00|0,00|0,00|06|0,00|0,0000|||0,00|06|0,00|0,0000|||0,00||
|C170|5|3145|LUBRAX EXTRA TURBO 15W40 3L|2,00000|GL|82,00|0,00|0|060|5405|5405|0,00|12,00|0,00|0,00|0,00|0,00|0|||0,00|0,00|0,00|06|0,00|0,0000|||0,00|06|0,00|0,0000|||0,00||
|C170|6|3189|LUBRAX EXTRA TURBO 15W40 1L|1,00000|L|14,00|0,00|0|060|5405|5405|0,00|12,00|0,00|0,00|0,00|0,00|0|||0,00|0,00|0,00|06|0,00|0,0000|||0,00|06|0,00|0,0000|||0,00||
|C170|7|6292|FILTRO LUBRIFICANTE|1,00000|PC|35,00|0,00|0|060|5405|5405|0,00|12,00|0,00|0,00|0,00|0,00|0|||0,00|0,00|0,00|06|0,00|0,0000|||0,00|06|0,00|0,0000|||0,00||
|C100|1|0|05211191463|55|00|1|6891|29171211053630000140550010000068911000068919|21122017|21122017|612,00|2|0,00|0,00|612,00|0|0,00|0,00|1224,00|0,00|0,00|0,00|0,00|0,00|0,00|0,00|0,00|0,00|
|C170|1|82|ROLAMENTO 29685/29620|2,00000|PC|300,00|0,00|0|060|6929|6929|0,00|0,00|0,00|0,00|0,00|0,00|0|||0,00|0,00|0,00|49|0,00|0,0000|||0,00|49|0,00|0,0000|||0,00||
|C170|2|5352|CILINDRO FREIO|4,00000|PC|312,00|0,00|0|060|6929|6929|0,00|0,00|0,00|0,00|0,00|0,00|0|||0,00|0,00|0,00|49|0,00|0,0000|||0,00|49|0,00|0,0000|||0,00||
|C100|0|0|05211191463|55|00|1|6892|29171211053630000140550010000068921000068924|21122017|21122017|612,00|2|0,00|0,00|612,00|9|0,00|0,00|612,00|0,00|0,00|0,00|0,00|0,00|0,00|0,00|0,00|0,00|
|C170|1|82|ROLAMENTO 29685/29620|2,00000|PC|300,00|0,00|0|060|2202|2202|0,00|0,00|0,00|0,00|0,00|0,00|0|||0,00|0,00|0,00|73|0,00|0,0000|||0,00|73|0,00|0,0000|||0,00||
|C170|2|5352|CILINDRO FREIO|4,00000|PC|312,00|0,00|0|060|2202|2202|0,00|0,00|0,00|0,00|0,00|0,00|0|||0,00|0,00|0,00|73|0,00|0,0000|||0,00|73|0,00|0,0000|||0,00||
|C100|1|0|97061140500|55|00|1|6893|29171211053630000140550010000068931000068930|21122017|21122017|30,00|0|0,00|0,00|30,00|0|0,00|0,00|30,00|0,00|0,00|0,00|0,00|0,00|0,00|0,00|0,00|0,00|
|C170|1|1694|BICO ENGATE MACHO 1/2|2,00000|PC|30,00|0,00|0|060|5405|5405|0,00|12,00|0,00|0,00|0,00|0,00|0|||0,00|0,00|0,00|06|0,00|0,0000|||0,00|06|0,00|0,0000|||0,00||
|C100|0|0|77310589000159|55|00|1|6894|29171211053630000140550010000068941000068945|21122017|21122017|3808,16|2|0,00|0,00|2971,68|9|0,00|0,00|0,00|2980,20|208,61|5806,03|836,48|0,00|0,00|0,00|0,00|0,00|
|C170|1|6652|ENGATE|4,00000|PC|2971,68|0,00|0|010|2102|2102|2980,20|7,00|208,61|5806,03|0,00|836,48|0|49||0,00|0,00|0,00|73|0,00|0,0000|||0,00|73|0,00|0,0000|||0,00||
|C100|1|0|77310589000159|55|00|1|6895|29171211053630000140550010000068951000068950|21122017|21122017|3808,16|2|0,00|0,00|2971,68|9|0,00|0,00|-8,52|2980,20|208,61|0,00|0,00|0,00|0,00|0,00|0,00|0,00|
|C170|1|6652|ENGATE|4,00000|PC|2971,68|0,00|0|010|6202|6202|2980,20|7,00|208,61|0,00|0,00|0,00|0|||0,00|0,00|0,00|73|0,00|0,0000|||0,00|73|0,00|0,0000|||0,00||
|C100|1|0||55|02|1|6896|29171211053630000140550010000068961000068966|||||||||||||||||||||
|C100|1|0||55|02|1|6897|29171211053630000140550010000068971000068971|||||||||||||||||||||
|C100|1|0||55|02|1|6898|29171211053630000140550010000068981000068987|||||||||||||||||||||
|C100|1|0|98995952849|55|00|1|6899|29171211053630000140550010000068991000068992|22122017|22122017|1987,50|1|0,00|0,00|1987,50|0|0,00|0,00|1987,50|0,00|0,00|0,00|0,00|0,00|0,00|0,00|0,00|0,00|
|C170|1|131|ROLAMENTO 32206A|1,00000|PC|65,00|0,00|0|060|5405|5405|0,00|12,00|0,00|0,00|0,00|0,00|0|||0,00|0,00|0,00|06|0,00|0,0000|||0,00|06|0,00|0,0000|||0,00||
|C170|2|140|ROLAMENTO 32212A|3,00000|PC|342,00|0,00|0|060|5405|5405|0,00|12,00|0,00|0,00|0,00|0,00|0|||0,00|0,00|0,00|06|0,00|0,0000|||0,00|06|0,00|0,0000|||0,00||
|C170|3|143|ROLAMENTO 30207A|1,00000|PC|56,00|0,00|0|060|5405|5405|0,00|12,00|0,00|0,00|0,00|0,00|0|||0,00|0,00|0,00|06|0,00|0,0000|||0,00|06|0,00|0,0000|||0,00||
|C170|4|154|ROLAMENTO 32210A|1,00000|PC|41,00|0,00|0|060|5405|5405|0,00|12,00|0,00|0,00|0,00|0,00|0|||0,00|0,00|0,00|06|0,00|0,0000|||0,00|06|0,00|0,0000|||0,00||
|C170|5|1028|RETENTOR DO CUBO DO ARADO|4,00000|PC|84,00|0,00|0|060|5405|5405|0,00|12,00|0,00|0,00|0,00|0,00|0|||0,00|0,00|0,00|06|0,00|0,0000|||0,00|06|0,00|0,0000|||0,00||
|C170|6|1029|RETENTOR DA RODA GUIA|1,00000|PC|15,00|0,00|0|060|5405|5405|0,00|12,00|0,00|0,00|0,00|0,00|0|||0,00|0,00|0,00|06|0,00|0,0000|||0,00|06|0,00|0,0000|||0,00||
|C170|7|1112|PORCA CASTELO 1.1/2|6,00000|PC|258,00|0,00|0|060|5405|5405|0,00|12,00|0,00|0,00|0,00|0,00|0|||0,00|0,00|0,00|06|0,00|0,0000|||0,00|06|0,00|0,0000|||0,00||
|C170|8|1117|BUCHA|2,00000|PC|192,00|0,00|0|060|5405|5405|0,00|12,00|0,00|0,00|0,00|0,00|0|||0,00|0,00|0,00|06|0,00|0,0000|||0,00|06|0,00|0,0000|||0,00||
|C170|9|1118|BUCHA|6,00000|PC|798,00|0,00|0|060|5405|5405|0,00|12,00|0,00|0,00|0,00|0,00|0|||0,00|0,00|0,00|06|0,00|0,0000|||0,00|06|0,00|0,0000|||0,00||
|C170|10|1128|PORCA CASTELO|3,00000|PC|81,00|0,00|0|060|5405|5405|0,00|12,00|0,00|0,00|0,00|0,00|0|||0,00|0,00|0,00|06|0,00|0,0000|||0,00|06|0,00|0,0000|||0,00||
|C170|11|1129|TRAVA DA PORCA CASTELO|3,00000|PC|10,50|0,00|0|060|5405|5405|0,00|12,00|0,00|0,00|0,00|0,00|0|||0,00|0,00|0,00|06|0,00|0,0000|||0,00|06|0,00|0,0000|||0,00||
|C170|12|1130|PARAFUSO DE FENDA|6,00000|PC|1,50|0,00|0|060|5405|5405|0,00|12,00|0,00|0,00|0,00|0,00|0|||0,00|0,00|0,00|06|0,00|0,0000|||0,00|06|0,00|0,0000|||0,00||
|C170|13|1537|ANEL DE RETENCAO|3,00000|PC|36,00|0,00|0|060|5405|5405|0,00|12,00|0,00|0,00|0,00|0,00|0|||0,00|0,00|0,00|06|0,00|0,0000|||0,00|06|0,00|0,0000|||0,00||
|C170|14|2391|ANEL DE RETENCAO|3,00000|PC|7,50|0,00|0|060|5405|5405|0,00|12,00|0,00|0,00|0,00|0,00|0|||0,00|0,00|0,00|06|0,00|0,0000|||0,00|06|0,00|0,0000|||0,00||
|C100|1|0|66335027100|55|00|1|6900|29171211053630000140550010000069001000069002|22122017|22122017|1800,00|1|0,00|0,00|1800,00|0|0,00|0,00|1800,00|0,00|0,00|0,00|0,00|0,00|0,00|0,00|0,00|0,00|
|C170|1|6688|PORTA PLANETARIA|1,00000|UND|1800,00|0,00|0|060|5405|5405|0,00|12,00|0,00|0,00|0,00|0,00|0|||0,00|0,00|0,00|06|0,00|0,0000|||0,00|06|0,00|0,0000|||0,00||
|C100|1|0|10072055472|55|00|1|6901|29171211053630000140550010000069011000069018|22122017|22122017|90,00|1|9,00|0,00|99,00|0|0,00|0,00|99,00|0,00|0,00|0,00|0,00|0,00|0,00|0,00|0,00|0,00|
|C170|1|1029|RETENTOR DA RODA GUIA|1,00000|PC|13,64|1,36|0|060|5405|5405|0,00|12,00|0,00|0,00|0,00|0,00|0|||0,00|0,00|0,00|06|0,00|0,0000|||0,00|06|0,00|0,0000|||0,00||
|C170|2|1071|ROLAMENTO 30207|1,00000|PC|44,55|4,45|0|060|5405|5405|0,00|12,00|0,00|0,00|0,00|0,00|0|||0,00|0,00|0,00|06|0,00|0,0000|||0,00|06|0,00|0,0000|||0,00||
|C170|3|1073|ROLAMENTO 32206 - LA5109|1,00000|PC|31,81|3,19|0|060|5405|5405|0,00|12,00|0,00|0,00|0,00|0,00|0|||0,00|0,00|0,00|06|0,00|0,0000|||0,00|06|0,00|0,0000|||0,00||
|C100|0|0|65248040400|55|00|1|6902|29171211053630000140550010000069021000069023|22122017|22122017|634,00|2|0,00|0,00|634,00|9|0,00|0,00|634,00|0,00|0,00|0,00|0,00|0,00|0,00|0,00|0,00|0,00|
|C170|1|2445|BARRA  RETA - 3604908|2,00000|PC|634,00|0,00|0|060|1202|1202|0,00|12,00|0,00|0,00|0,00|0,00|0|||0,00|0,00|0,00|73|0,00|0,0000|||0,00|73|0,00|0,0000|||0,00||
|C100|1|0|18352634453|55|00|1|6903|29171211053630000140550010000069031000069039|22122017|22122017|440,00|0|0,00|0,00|440,00|0|0,00|0,00|440,00|0,00|0,00|0,00|0,00|0,00|0,00|0,00|0,00|0,00|
|C170|1|464|FAROL DE SERVICO - 81809600|2,00000|PC|230,00|0,00|0|060|5405|5405|0,00|12,00|0,00|0,00|0,00|0,00|0|||0,00|0,00|0,00|06|0,00|0,0000|||0,00|06|0,00|0,0000|||0,00||
|C170|2|1042|LAMPADA H3  DO FAROL|2,00000|PC|20,00|0,00|0|060|5405|5405|0,00|12,00|0,00|0,00|0,00|0,00|0|||0,00|0,00|0,00|06|0,00|0,0000|||0,00|06|0,00|0,0000|||0,00||
|C170|3|1125|PAR ROCADOR 1,70MM|1,00000|PC|190,00|0,00|0|060|5405|5405|0,00|12,00|0,00|0,00|0,00|0,00|0|||0,00|0,00|0,00|06|0,00|0,0000|||0,00|06|0,00|0,0000|||0,00||
|C100|1|0|51924552515|55|00|1|6904|29171211053630000140550010000069041000069044|22122017|22122017|300,00|1|0,00|0,00|300,00|0|0,00|0,00|300,00|0,00|0,00|0,00|0,00|0,00|0,00|0,00|0,00|0,00|
|C170|1|1002|PARAFUSO DISCO ARADO C/ PORCA|8,00000|UND|16,00|0,00|0|060|5405|5405|0,00|12,00|0,00|0,00|0,00|0,00|0|||0,00|0,00|0,00|06|0,00|0,0000|||0,00|06|0,00|0,0000|||0,00||
|C170|2|1104|BARRA|2,00000|PC|280,00|0,00|0|060|5405|5405|0,00|12,00|0,00|0,00|0,00|0,00|0|||0,00|0,00|0,00|06|0,00|0,0000|||0,00|06|0,00|0,0000|||0,00||
|C170|3|2136|ARRUELA DE PRESSÃO 1/2|8,00000|PC|4,00|0,00|0|060|5405|5405|0,00|12,00|0,00|0,00|0,00|0,00|0|||0,00|0,00|0,00|06|0,00|0,0000|||0,00|06|0,00|0,0000|||0,00||
|C100|1|0|01853307548|55|00|1|6905|29171211053630000140550010000069051000069050|22122017|22122017|381,00|1|0,00|0,00|381,00|0|0,00|0,00|381,00|0,00|0,00|0,00|0,00|0,00|0,00|0,00|0,00|0,00|
|C170|1|837|FILTRO DE AR EXTERNO|1,00000|PC|117,00|0,00|0|060|5405|5405|0,00|12,00|0,00|0,00|0,00|0,00|0|||0,00|0,00|0,00|06|0,00|0,0000|||0,00|06|0,00|0,0000|||0,00||
|C170|2|840|FILTRO DE AR INTERNO|1,00000|PC|84,00|0,00|0|060|5405|5405|0,00|12,00|0,00|0,00|0,00|0,00|0|||0,00|0,00|0,00|06|0,00|0,0000|||0,00|06|0,00|0,0000|||0,00||
|C170|3|2800|LUBRAX 90 1L|12,00000|PC|180,00|0,00|0|060|5405|5405|0,00|12,00|0,00|0,00|0,00|0,00|0|||0,00|0,00|0,00|06|0,00|0,0000|||0,00|06|0,00|0,0000|||0,00||
|C100|1|0|34737570559|55|00|1|6906|29171211053630000140550010000069061000069065|23122017|23122017|520,00|1|0,00|0,00|520,00|0|0,00|0,00|520,00|0,00|0,00|0,00|0,00|0,00|0,00|0,00|0,00|0,00|
|C170|1|102|ROLAMENTO 3780/3720|1,00000|PC|124,00|0,00|0|060|5405|5405|0,00|12,00|0,00|0,00|0,00|0,00|0|||0,00|0,00|0,00|06|0,00|0,0000|||0,00|06|0,00|0,0000|||0,00||
|C170|2|681|ROLAMENTO 2580/2523|1,00000|PC|33,00|0,00|0|060|5405|5405|0,00|12,00|0,00|0,00|0,00|0,00|0|||0,00|0,00|0,00|06|0,00|0,0000|||0,00|06|0,00|0,0000|||0,00||
|C170|3|804|CUBO DA RODA DIANT. MF 275|1,00000|PC|348,00|0,00|0|060|5405|5405|0,00|12,00|0,00|0,00|0,00|0,00|0|||0,00|0,00|0,00|06|0,00|0,0000|||0,00|06|0,00|0,0000|||0,00||
|C170|4|1767|RETENTOR DO CUBO|1,00000|PC|15,00|0,00|0|060|5405|5405|0,00|12,00|0,00|0,00|0,00|0,00|0|||0,00|0,00|0,00|06|0,00|0,0000|||0,00|06|0,00|0,0000|||0,00||
|C100|1|0|17325552491|55|00|1|6907|29171211053630000140550010000069071000069070|23122017|23122017|114000,00|1|0,00|0,00|114000,00|0|0,00|0,00|114000,00|0,00|0,00|0,00|0,00|0,00|0,00|0,00|0,00|0,00|
|C170|1|6697|TRATOR AGRICOLA MF 4275 COMPACTO|1,00000|UND|114000,00|0,00|0|060|5405|5405|0,00|12,00|0,00|0,00|0,00|0,00|0|||0,00|0,00|0,00|06|0,00|0,0000|||0,00|06|0,00|0,0000|||0,00||
|C100|1|0||55|02|1|6908|29171211053630000140550010000069081000069086|||||||||||||||||||||
|C100|1|0|17325552491|55|00|1|6909|29171211053630000140550010000069091000069091|23122017|23122017|98000,00|1|0,00|0,00|98000,00|0|0,00|0,00|98000,00|0,00|0,00|0,00|0,00|0,00|0,00|0,00|0,00|0,00|
|C170|1|6696|TRATOR AGRICOLA MF 250X COMPACTO|1,00000|UND|98000,00|0,00|0|060|5405|5405|0,00|12,00|0,00|0,00|0,00|0,00|0|||0,00|0,00|0,00|06|0,00|0,0000|||0,00|06|0,00|0,0000|||0,00||
|C100|1|0|17325552491|55|00|1|6910|29171211053630000140550010000069101000069106|23122017|23122017|114000,00|1|0,00|0,00|114000,00|0|0,00|0,00|114000,00|0,00|0,00|0,00|0,00|0,00|0,00|0,00|0,00|0,00|
|C170|1|6697|TRATOR AGRICOLA MF 4275 COMPACTO|1,00000|UND|114000,00|0,00|0|060|5405|5405|0,00|12,00|0,00|0,00|0,00|0,00|0|||0,00|0,00|0,00|06|0,00|0,0000|||0,00|06|0,00|0,0000|||0,00||
|C100|1|0|17325552491|55|00|1|6911|29171211053630000140550010000069111000069111|23122017|23122017|98000,00|1|0,00|0,00|98000,00|0|0,00|0,00|98000,00|0,00|0,00|0,00|0,00|0,00|0,00|0,00|0,00|0,00|
|C170|1|6696|TRATOR AGRICOLA MF 250X COMPACTO|1,00000|UND|98000,00|0,00|0|060|5405|5405|0,00|12,00|0,00|0,00|0,00|0,00|0|||0,00|0,00|0,00|06|0,00|0,0000|||0,00|06|0,00|0,0000|||0,00||
|C100|1|0|17325552491|55|00|1|6912|29171211053630000140550010000069121000069127|23122017|23122017|98000,00|1|0,00|0,00|98000,00|0|0,00|0,00|98000,00|0,00|0,00|0,00|0,00|0,00|0,00|0,00|0,00|0,00|
|C170|1|6696|TRATOR AGRICOLA MF 250X COMPACTO|1,00000|UND|98000,00|0,00|0|060|5405|5405|0,00|12,00|0,00|0,00|0,00|0,00|0|||0,00|0,00|0,00|06|0,00|0,0000|||0,00|06|0,00|0,0000|||0,00||
|C100|1|0|91108918549|55|00|1|6913|29171211053630000140550010000069131000069132|23122017|23122017|950,00|1|115,80|0,00|1065,80|0|0,00|0,00|1065,80|0,00|0,00|0,00|0,00|0,00|0,00|0,00|0,00|0,00|
|C170|1|140|ROLAMENTO 32212A|2,00000|PC|203,23|24,77|0|060|5405|5405|0,00|12,00|0,00|0,00|0,00|0,00|0|||0,00|0,00|0,00|06|0,00|0,0000|||0,00|06|0,00|0,0000|||0,00||
|C170|2|958|ENXADA P/ROTOC. CEMAG/MINAMI/MR|1,00000|PC|16,94|2,06|0|060|5405|5405|0,00|12,00|0,00|0,00|0,00|0,00|0|||0,00|0,00|0,00|06|0,00|0,0000|||0,00|06|0,00|0,0000|||0,00||
|C170|3|959|ENXADA P/ROTOC. CEMAG/MINAMI/M|1,00000|PC|16,94|2,06|0|060|5405|5405|0,00|12,00|0,00|0,00|0,00|0,00|0|||0,00|0,00|0,00|06|0,00|0,0000|||0,00|06|0,00|0,0000|||0,00||
|C170|4|1004|PARAFUSO DO BICO SULCADOR 1/2X2|4,00000|UND|7,13|0,87|0|060|5405|5405|0,00|12,00|0,00|0,00|0,00|0,00|0|||0,00|0,00|0,00|06|0,00|0,0000|||0,00|06|0,00|0,0000|||0,00||
|C170|5|1028|RETENTOR DO CUBO DO ARADO|1,00000|PC|18,72|2,28|0|060|5405|5405|0,00|12,00|0,00|0,00|0,00|0,00|0|||0,00|0,00|0,00|06|0,00|0,0000|||0,00|06|0,00|0,0000|||0,00||
|C170|6|1123|EIXO DO CUBO|1,00000|PC|417,15|50,85|0|060|5405|5405|0,00|12,00|0,00|0,00|0,00|0,00|0|||0,00|0,00|0,00|06|0,00|0,0000|||0,00|06|0,00|0,0000|||0,00||
|C170|7|1128|PORCA CASTELO|1,00000|PC|24,05|2,95|0|060|5405|5405|0,00|12,00|0,00|0,00|0,00|0,00|0|||0,00|0,00|0,00|06|0,00|0,0000|||0,00|06|0,00|0,0000|||0,00||
|C170|8|1409|PARAFUSO CILINDRO DIRECAO|2,00000|PC|5,35|0,65|0|060|5405|5405|0,00|12,00|0,00|0,00|0,00|0,00|0|||0,00|0,00|0,00|06|0,00|0,0000|||0,00|06|0,00|0,0000|||0,00||
|C170|9|1430|COLA SILICONE PRETA|1,00000|PC|10,70|1,30|0|060|5405|5405|0,00|12,00|0,00|0,00|0,00|0,00|0|||0,00|0,00|0,00|06|0,00|0,0000|||0,00|06|0,00|0,0000|||0,00||
|C170|10|2099|BICO SUBSOLADOR REFORCADO|3,00000|PC|120,33|14,67|0|060|5405|5405|0,00|12,00|0,00|0,00|0,00|0,00|0|||0,00|0,00|0,00|06|0,00|0,0000|||0,00|06|0,00|0,0000|||0,00||
|C170|11|2136|ARRUELA DE PRESSÃO 1/2|11,00000|PC|4,90|0,60|0|060|5405|5405|0,00|12,00|0,00|0,00|0,00|0,00|0|||0,00|0,00|0,00|06|0,00|0,0000|||0,00|06|0,00|0,0000|||0,00||
|C170|12|2137|PARAFUSO SEXTAVADO 1/2 X 1.1/4|2,00000|PC|2,67|0,33|0|060|5405|5405|0,00|12,00|0,00|0,00|0,00|0,00|0|||0,00|0,00|0,00|06|0,00|0,0000|||0,00|06|0,00|0,0000|||0,00||
|C170|13|2800|LUBRAX 90 1L|2,00000|PC|24,96|3,04|0|060|5405|5405|0,00|12,00|0,00|0,00|0,00|0,00|0|||0,00|0,00|0,00|06|0,00|0,0000|||0,00|06|0,00|0,0000|||0,00||
|C170|14|2821|PORCA|2,00000|PC|3,57|0,43|0|060|5405|5405|0,00|12,00|0,00|0,00|0,00|0,00|0|||0,00|0,00|0,00|06|0,00|0,0000|||0,00|06|0,00|0,0000|||0,00||
|C170|15|4337|PORCA|2,00000|PC|0,89|0,11|0|060|5405|5405|0,00|12,00|0,00|0,00|0,00|0,00|0|||0,00|0,00|0,00|06|0,00|0,0000|||0,00|06|0,00|0,0000|||0,00||
|C170|16|4944|ARRUELA 1/2|2,00000|PC|0,27|0,03|0|060|5405|5405|0,00|12,00|0,00|0,00|0,00|0,00|0|||0,00|0,00|0,00|06|0,00|0,0000|||0,00|06|0,00|0,0000|||0,00||
|C170|17|6159|TEXACO 40 1LT|3,00000|UND|40,11|4,89|0|060|5405|5405|0,00|12,00|0,00|0,00|0,00|0,00|0|||0,00|0,00|0,00|06|0,00|0,0000|||0,00|06|0,00|0,0000|||0,00||
|C170|18|6611|BUCHA DO ACOPLAMENTO|4,00000|PC|32,09|3,91|0|060|5405|5405|0,00|12,00|0,00|0,00|0,00|0,00|0|||0,00|0,00|0,00|06|0,00|0,0000|||0,00|06|0,00|0,0000|||0,00||
|C100|1|0|69954626000133|55|00|1|6914|29171211053630000140550010000069141000069148|26122017|26122017|908,00|1|0,00|0,00|908,00|0|0,00|0,00|908,00|0,00|0,00|0,00|0,00|0,00|0,00|0,00|0,00|0,00|
|C170|1|70|REPARO DE EMBREAGEM|1,00000|PC|319,00|0,00|0|060|5405|5405|0,00|12,00|0,00|0,00|0,00|0,00|0|||0,00|0,00|0,00|06|0,00|0,0000|||0,00|06|0,00|0,0000|||0,00||
|C170|2|802|RETENTOR DO FLANGE|1,00000|PC|21,00|0,00|0|060|5405|5405|0,00|12,00|0,00|0,00|0,00|0,00|0|||0,00|0,00|0,00|06|0,00|0,0000|||0,00|06|0,00|0,0000|||0,00||
|C170|3|1143|ESTOPA 010|2,00000|UND|4,00|0,00|0|060|5405|5405|0,00|12,00|0,00|0,00|0,00|0,00|0|||0,00|0,00|0,00|06|0,00|0,0000|||0,00|06|0,00|0,0000|||0,00||
|C170|4|1978|DISCO DA EMBREAGEM ESTRIA FINA|1,00000|PC|534,00|0,00|0|060|5405|5405|0,00|12,00|0,00|0,00|0,00|0,00|0|||0,00|0,00|0,00|06|0,00|0,0000|||0,00|06|0,00|0,0000|||0,00||
|C170|5|2171|RETENTOR DO FLANGE DA CAIXA|1,00000|PC|16,00|0,00|0|060|5405|5405|0,00|12,00|0,00|0,00|0,00|0,00|0|||0,00|0,00|0,00|06|0,00|0,0000|||0,00|06|0,00|0,0000|||0,00||
|C170|6|3217|RETENTOR DA FLANGE|1,00000|PC|14,00|0,00|0|060|5405|5405|0,00|12,00|0,00|0,00|0,00|0,00|0|||0,00|0,00|0,00|06|0,00|0,0000|||0,00|06|0,00|0,0000|||0,00||
|C100|1|0|69954626000133|55|00|1|6915|29171211053630000140550010000069151000069153|26122017|26122017|352,00|1|0,00|0,00|352,00|0|0,00|0,00|352,00|0,00|0,00|0,00|0,00|0,00|0,00|0,00|0,00|0,00|
|C170|1|465|LANTERNA TRASEIRA|2,00000|PC|306,00|0,00|0|060|5405|5405|0,00|12,00|0,00|0,00|0,00|0,00|0|||0,00|0,00|0,00|06|0,00|0,0000|||0,00|06|0,00|0,0000|||0,00||
|C170|2|690|ANEL DE VEDACAO 1004633|1,00000|PC|1,00|0,00|0|060|5405|5405|0,00|12,00|0,00|0,00|0,00|0,00|0|||0,00|0,00|0,00|06|0,00|0,0000|||0,00|06|0,00|0,0000|||0,00||
|C170|3|1174|CARCACA PRE FILTRO|1,00000|PC|15,00|0,00|0|060|5405|5405|0,00|12,00|0,00|0,00|0,00|0,00|0|||0,00|0,00|0,00|06|0,00|0,0000|||0,00|06|0,00|0,0000|||0,00||
|C170|4|2312|RETENTOR|2,00000|PC|30,00|0,00|0|060|5405|5405|0,00|12,00|0,00|0,00|0,00|0,00|0|||0,00|0,00|0,00|06|0,00|0,0000|||0,00|06|0,00|0,0000|||0,00||
|C100|1|0|09296050553|55|00|1|6916|29171211053630000140550010000069161000069169|26122017|26122017|697,50|1|0,00|0,00|697,50|0|0,00|0,00|697,50|0,00|0,00|0,00|0,00|0,00|0,00|0,00|0,00|0,00|
|C170|1|1002|PARAFUSO DISCO ARADO C/ PORCA|15,00000|UND|30,00|0,00|0|060|5405|5405|0,00|12,00|0,00|0,00|0,00|0,00|0|||0,00|0,00|0,00|06|0,00|0,0000|||0,00|06|0,00|0,0000|||0,00||
|C170|2|1094|CALOTA DO CUBO DE RODA|1,00000|PC|33,00|0,00|0|060|5405|5405|0,00|12,00|0,00|0,00|0,00|0,00|0|||0,00|0,00|0,00|06|0,00|0,0000|||0,00|06|0,00|0,0000|||0,00||
|C170|3|1356|DISCO RECORTADO DE GRADE 28 X 6|3,00000|PC|585,00|0,00|0|060|5405|5405|0,00|12,00|0,00|0,00|0,00|0,00|0|||0,00|0,00|0,00|06|0,00|0,0000|||0,00|06|0,00|0,0000|||0,00||
|C170|4|1547|TRAVA DA PORCA DO EIXO|2,00000|PC|42,00|0,00|0|060|5405|5405|0,00|12,00|0,00|0,00|0,00|0,00|0|||0,00|0,00|0,00|06|0,00|0,0000|||0,00|06|0,00|0,0000|||0,00||
|C170|5|2136|ARRUELA DE PRESSÃO 1/2|15,00000|PC|7,50|0,00|0|060|5405|5405|0,00|12,00|0,00|0,00|0,00|0,00|0|||0,00|0,00|0,00|06|0,00|0,0000|||0,00|06|0,00|0,0000|||0,00||
|C100|1|0|40162460597|55|00|1|6917|29171211053630000140550010000069171000069174|26122017|26122017|345,00|0|29,00|0,00|374,00|0|0,00|0,00|374,00|0,00|0,00|0,00|0,00|0,00|0,00|0,00|0,00|0,00|
|C170|1|215|FILTRO COMBUSTIVEL - 81248200|1,00000|PC|16,60|1,40|0|060|5405|5405|0,00|12,00|0,00|0,00|0,00|0,00|0|||0,00|0,00|0,00|06|0,00|0,0000|||0,00|06|0,00|0,0000|||0,00||
|C170|2|538|FILTRO LUBRIFACANTE - 71028|1,00000|PC|29,52|2,48|0|060|5405|5405|0,00|12,00|0,00|0,00|0,00|0,00|0|||0,00|0,00|0,00|06|0,00|0,0000|||0,00|06|0,00|0,0000|||0,00||
|C170|3|837|FILTRO DE AR EXTERNO|1,00000|PC|107,93|9,07|0|060|5405|5405|0,00|12,00|0,00|0,00|0,00|0,00|0|||0,00|0,00|0,00|06|0,00|0,0000|||0,00|06|0,00|0,0000|||0,00||
|C170|4|840|FILTRO DE AR INTERNO|1,00000|PC|77,49|6,51|0|060|5405|5405|0,00|12,00|0,00|0,00|0,00|0,00|0|||0,00|0,00|0,00|06|0,00|0,0000|||0,00|06|0,00|0,0000|||0,00||
|C170|5|3145|LUBRAX EXTRA TURBO 15W40 3L|3,00000|GL|113,46|9,54|0|060|5405|5405|0,00|12,00|0,00|0,00|0,00|0,00|0|||0,00|0,00|0,00|06|0,00|0,0000|||0,00|06|0,00|0,0000|||0,00||
|C100|1|0|96190507549|55|00|1|6918|29171211053630000140550010000069181000069180|26122017|26122017|30,00|0|0,00|0,00|30,00|0|0,00|0,00|30,00|0,00|0,00|0,00|0,00|0,00|0,00|0,00|0,00|0,00|
|C170|1|1128|PORCA CASTELO|1,00000|PC|26,50|0,00|0|060|5405|5405|0,00|12,00|0,00|0,00|0,00|0,00|0|||0,00|0,00|0,00|06|0,00|0,0000|||0,00|06|0,00|0,0000|||0,00||
|C170|2|1129|TRAVA DA PORCA CASTELO|1,00000|PC|3,00|0,00|0|060|5405|5405|0,00|12,00|0,00|0,00|0,00|0,00|0|||0,00|0,00|0,00|06|0,00|0,0000|||0,00|06|0,00|0,0000|||0,00||
|C170|3|1130|PARAFUSO DE FENDA|2,00000|PC|0,50|0,00|0|060|5405|5405|0,00|12,00|0,00|0,00|0,00|0,00|0|||0,00|0,00|0,00|06|0,00|0,0000|||0,00|06|0,00|0,0000|||0,00||
|C100|1|0|94700702591|55|00|1|6919|29171211053630000140550010000069191000069195|27122017|27122017|1130,00|1|0,00|0,00|1130,00|0|0,00|0,00|1130,00|0,00|0,00|0,00|0,00|0,00|0,00|0,00|0,00|0,00|
|C170|1|3184|FUSIVEL|4,00000|PC|72,00|0,00|0|060|5405|5405|0,00|12,00|0,00|0,00|0,00|0,00|0|||0,00|0,00|0,00|06|0,00|0,0000|||0,00|06|0,00|0,0000|||0,00||
|C170|2|4969|PAINEL SISU|1,00000|PC|986,00|0,00|0|060|5405|5405|0,00|12,00|0,00|0,00|0,00|0,00|0|||0,00|0,00|0,00|06|0,00|0,0000|||0,00|06|0,00|0,0000|||0,00||
|C170|3|6195|MANGUEIRA LARANJA 1/2 RL100M|12,00000|MT|72,00|0,00|0|060|5405|5405|0,00|12,00|0,00|0,00|0,00|0,00|0|||0,00|0,00|0,00|06|0,00|0,0000|||0,00|06|0,00|0,0000|||0,00||
|C100|1|0|01593417527|55|00|1|6920|29171211053630000140550010000069201000069200|27122017|27122017|110,00|1|0,00|0,00|110,00|0|0,00|0,00|110,00|0,00|0,00|0,00|0,00|0,00|0,00|0,00|0,00|0,00|
|C170|1|5161|GRAXA CHASSIS AZUL -10KG|1,00000|BD|110,00|0,00|0|060|5405|5405|0,00|12,00|0,00|0,00|0,00|0,00|0|||0,00|0,00|0,00|06|0,00|0,0000|||0,00|06|0,00|0,0000|||0,00||
|C100|1|0|65248040400|55|00|1|6921|29171211053630000140550010000069211000069215|27122017|27122017|18,00|1|0,00|0,00|18,00|0|0,00|0,00|18,00|0,00|0,00|0,00|0,00|0,00|0,00|0,00|0,00|0,00|
|C170|1|829|MOLA DA ALAVANCA DE CAMBIO|1,00000|PC|3,00|0,00|0|060|5405|5405|0,00|12,00|0,00|0,00|0,00|0,00|0|||0,00|0,00|0,00|06|0,00|0,0000|||0,00|06|0,00|0,0000|||0,00||
|C170|2|1029|RETENTOR DA RODA GUIA|1,00000|PC|15,00|0,00|0|060|5405|5405|0,00|12,00|0,00|0,00|0,00|0,00|0|||0,00|0,00|0,00|06|0,00|0,0000|||0,00|06|0,00|0,0000|||0,00||
|C100|1|0|66656583504|55|00|1|6922|29171211053630000140550010000069221000069220|27122017|27122017|700,00|1|38,00|0,00|738,00|0|0,00|0,00|738,00|0,00|0,00|0,00|0,00|0,00|0,00|0,00|0,00|0,00|
|C170|1|1225|CHAVETA|1,00000|PC|3,79|0,21|0|060|6404|6404|0,00|12,00|0,00|0,00|0,00|0,00|0|||0,00|0,00|0,00|06|0,00|0,0000|||0,00|06|0,00|0,0000|||0,00||
|C170|2|1626|BICO CONEXAO CURVO|1,00000|PC|45,53|2,47|0|060|6404|6404|0,00|12,00|0,00|0,00|0,00|0,00|0|||0,00|0,00|0,00|06|0,00|0,0000|||0,00|06|0,00|0,0000|||0,00||
|C170|3|1862|MANCAL|1,00000|PC|167,89|9,11|0|060|6404|6404|0,00|12,00|0,00|0,00|0,00|0,00|0|||0,00|0,00|0,00|06|0,00|0,0000|||0,00|06|0,00|0,0000|||0,00||
|C170|4|1880|PAR ROCADOR CORTE DUPLO|2,00000|PC|368,02|19,98|0|060|6404|6404|0,00|12,00|0,00|0,00|0,00|0,00|0|||0,00|0,00|0,00|06|0,00|0,0000|||0,00|06|0,00|0,0000|||0,00||
|C170|5|5962|ROLAMENTO ESFERAS|1,00000|PC|104,34|5,66|0|060|6404|6404|0,00|12,00|0,00|0,00|0,00|0,00|0|||0,00|0,00|0,00|06|0,00|0,0000|||0,00|06|0,00|0,0000|||0,00||
|C170|6|6197|MANGUEIRA LARANJA 3/4|1,00000|MT|10,43|0,57|0|060|6404|6404|0,00|12,00|0,00|0,00|0,00|0,00|0|||0,00|0,00|0,00|06|0,00|0,0000|||0,00|06|0,00|0,0000|||0,00||
|C100|1|0|56392362568|55|00|1|6923|29171211053630000140550010000069231000069236|27122017|27122017|138,00|1|0,00|0,00|138,00|0|0,00|0,00|138,00|0,00|0,00|0,00|0,00|0,00|0,00|0,00|0,00|0,00|
|C170|1|1002|PARAFUSO DISCO ARADO C/ PORCA|10,00000|UND|20,00|0,00|0|060|5405|5405|0,00|12,00|0,00|0,00|0,00|0,00|0|||0,00|0,00|0,00|06|0,00|0,0000|||0,00|06|0,00|0,0000|||0,00||
|C170|2|1004|PARAFUSO DO BICO SULCADOR 1/2X2|6,00000|UND|12,00|0,00|0|060|5405|5405|0,00|12,00|0,00|0,00|0,00|0,00|0|||0,00|0,00|0,00|06|0,00|0,0000|||0,00|06|0,00|0,0000|||0,00||
|C170|3|2099|BICO SUBSOLADOR REFORCADO|2,00000|PC|98,00|0,00|0|060|5405|5405|0,00|12,00|0,00|0,00|0,00|0,00|0|||0,00|0,00|0,00|06|0,00|0,0000|||0,00|06|0,00|0,0000|||0,00||
|C170|4|2136|ARRUELA DE PRESSÃO 1/2|16,00000|PC|8,00|0,00|0|060|5405|5405|0,00|12,00|0,00|0,00|0,00|0,00|0|||0,00|0,00|0,00|06|0,00|0,0000|||0,00|06|0,00|0,0000|||0,00||
|C100|1|0|13133227000157|55|00|1|6924|29171211053630000140550010000069241000069241|27122017|27122017|896,00|1|0,00|0,00|896,00|0|0,00|0,00|896,00|0,00|0,00|0,00|0,00|0,00|0,00|0,00|0,00|0,00|
|C170|1|1112|PORCA CASTELO 1.1/2|1,00000|PC|43,00|0,00|0|060|5405|5405|0,00|12,00|0,00|0,00|0,00|0,00|0|||0,00|0,00|0,00|06|0,00|0,0000|||0,00|06|0,00|0,0000|||0,00||
|C170|2|1113|SUPORTE MENOR DO CUBO|1,00000|PC|823,00|0,00|0|060|5405|5405|0,00|12,00|0,00|0,00|0,00|0,00|0|||0,00|0,00|0,00|06|0,00|0,0000|||0,00|06|0,00|0,0000|||0,00||
|C170|3|1271|GRAXEIRA 3/8 RETA|4,00000|PC|6,00|0,00|0|060|5405|5405|0,00|12,00|0,00|0,00|0,00|0,00|0|||0,00|0,00|0,00|06|0,00|0,0000|||0,00|06|0,00|0,0000|||0,00||
|C170|4|1533|CALOTA C/SEXTAVADO DA RODA GUIA|1,00000|PC|24,00|0,00|0|060|5405|5405|0,00|12,00|0,00|0,00|0,00|0,00|0|||0,00|0,00|0,00|06|0,00|0,0000|||0,00|06|0,00|0,0000|||0,00||
|C100|1|0|48346640749|55|00|1|6925|29171211053630000140550010000069251000069257|27122017|27122017|26,00|1|0,00|0,00|26,00|0|0,00|0,00|26,00|0,00|0,00|0,00|0,00|0,00|0,00|0,00|0,00|0,00|
|C170|1|1192|PARAFUSO 3/4X3 MANCAL GRADE - 60203102405|2,00000|PC|26,00|0,00|0|060|6404|6404|0,00|12,00|0,00|0,00|0,00|0,00|0|||0,00|0,00|0,00|06|0,00|0,0000|||0,00|06|0,00|0,0000|||0,00||
|C100|1|0|50371983568|55|00|1|6926|29171211053630000140550010000069261000069262|27122017|27122017|125,00|1|0,00|0,00|125,00|0|0,00|0,00|125,00|0,00|0,00|0,00|0,00|0,00|0,00|0,00|0,00|0,00|
|C170|1|217|CRUZETA  CC36|1,00000|PC|39,00|0,00|0|060|5405|5405|0,00|12,00|0,00|0,00|0,00|0,00|0|||0,00|0,00|0,00|06|0,00|0,0000|||0,00|06|0,00|0,0000|||0,00||
|C170|2|2132|DISCO FRICCAO - 139,0X82,0X5,0 / 019308-0|1,00000|PC|20,00|0,00|0|060|5405|5405|0,00|12,00|0,00|0,00|0,00|0,00|0|||0,00|0,00|0,00|06|0,00|0,0000|||0,00|06|0,00|0,0000|||0,00||
|C170|3|2133|DISCO FRICCAO - 139,0X59,0X5,0 / 073520-7|1,00000|PC|20,00|0,00|0|060|5405|5405|0,00|12,00|0,00|0,00|0,00|0,00|0|||0,00|0,00|0,00|06|0,00|0,0000|||0,00|06|0,00|0,0000|||0,00||
|C170|4|3147|LUBRAX THF11 3L|1,00000|PC|46,00|0,00|0|060|5405|5405|0,00|12,00|0,00|0,00|0,00|0,00|0|||0,00|0,00|0,00|06|0,00|0,0000|||0,00|06|0,00|0,0000|||0,00||
|C100|1|0|88847686000363|55|00|1|6927|29171211053630000140550010000069271000069278|27122017|27122017|8400,00|1|459,35|0,00|8859,35|0|0,00|0,00|8859,35|0,00|0,00|0,00|0,00|0,00|0,00|0,00|0,00|0,00|
|C170|1|474|CUPILHA 3/16 X 3.1/2|3,00000|PC|2,84|0,16|0|060|5405|5405|0,00|12,00|0,00|0,00|0,00|0,00|0|||0,00|0,00|0,00|06|0,00|0,0000|||0,00|06|0,00|0,0000|||0,00||
|C170|2|557|ELO FLEXIVEL|4,00000|PC|34,13|1,87|0|060|5405|5405|0,00|12,00|0,00|0,00|0,00|0,00|0|||0,00|0,00|0,00|06|0,00|0,0000|||0,00|06|0,00|0,0000|||0,00||
|C170|3|745|CORREIA 3VX-0450|1,00000|PC|49,30|2,70|0|060|5405|5405|0,00|12,00|0,00|0,00|0,00|0,00|0|||0,00|0,00|0,00|06|0,00|0,0000|||0,00|06|0,00|0,0000|||0,00||
|C170|4|769|BUJAO MB-42|1,00000|PC|10,43|0,57|0|060|5405|5405|0,00|12,00|0,00|0,00|0,00|0,00|0|||0,00|0,00|0,00|06|0,00|0,0000|||0,00|06|0,00|0,0000|||0,00||
|C170|5|773|PARAFUSO SEXT. 5/16|8,00000|PC|7,59|0,41|0|060|5405|5405|0,00|12,00|0,00|0,00|0,00|0,00|0|||0,00|0,00|0,00|06|0,00|0,0000|||0,00|06|0,00|0,0000|||0,00||
|C170|6|794|PORCA|1,00000|PC|0,95|0,05|0|060|5405|5405|0,00|12,00|0,00|0,00|0,00|0,00|0|||0,00|0,00|0,00|06|0,00|0,0000|||0,00|06|0,00|0,0000|||0,00||
|C170|7|1112|PORCA CASTELO 1.1/2|2,00000|PC|81,54|4,46|0|060|5405|5405|0,00|12,00|0,00|0,00|0,00|0,00|0|||0,00|0,00|0,00|06|0,00|0,0000|||0,00|06|0,00|0,0000|||0,00||
|C170|8|1143|ESTOPA 010|6,00000|UND|11,38|0,62|0|060|5405|5405|0,00|12,00|0,00|0,00|0,00|0,00|0|||0,00|0,00|0,00|06|0,00|0,0000|||0,00|06|0,00|0,0000|||0,00||
|C170|9|1211|LUVA ELASTICA|1,00000|PC|587,85|32,15|0|060|5405|5405|0,00|12,00|0,00|0,00|0,00|0,00|0|||0,00|0,00|0,00|06|0,00|0,0000|||0,00|06|0,00|0,0000|||0,00||
|C170|10|1221|ANEL DE APERTO|1,00000|PC|58,79|3,21|0|060|5405|5405|0,00|12,00|0,00|0,00|0,00|0,00|0|||0,00|0,00|0,00|06|0,00|0,0000|||0,00|06|0,00|0,0000|||0,00||
|C170|11|1221|ANEL DE APERTO|1,00000|PC|58,79|3,21|0|060|5405|5405|0,00|12,00|0,00|0,00|0,00|0,00|0|||0,00|0,00|0,00|06|0,00|0,0000|||0,00|06|0,00|0,0000|||0,00||
|C170|12|1222|CUBO|1,00000|PC|79,64|4,36|0|060|5405|5405|0,00|12,00|0,00|0,00|0,00|0,00|0|||0,00|0,00|0,00|06|0,00|0,0000|||0,00|06|0,00|0,0000|||0,00||
|C170|13|1222|CUBO|1,00000|PC|79,64|4,36|0|060|5405|5405|0,00|12,00|0,00|0,00|0,00|0,00|0|||0,00|0,00|0,00|06|0,00|0,0000|||0,00|06|0,00|0,0000|||0,00||
|C170|14|1230|POLIA ESTICADORA|1,00000|PC|70,16|3,84|0|060|5405|5405|0,00|12,00|0,00|0,00|0,00|0,00|0|||0,00|0,00|0,00|06|0,00|0,0000|||0,00|06|0,00|0,0000|||0,00||
|C170|15|1230|POLIA ESTICADORA|1,00000|PC|70,16|3,84|0|060|5405|5405|0,00|12,00|0,00|0,00|0,00|0,00|0|||0,00|0,00|0,00|06|0,00|0,0000|||0,00|06|0,00|0,0000|||0,00||
|C170|16|1230|POLIA ESTICADORA|1,00000|PC|70,16|3,84|0|060|5405|5405|0,00|12,00|0,00|0,00|0,00|0,00|0|||0,00|0,00|0,00|06|0,00|0,0000|||0,00|06|0,00|0,0000|||0,00||
|C170|17|1235|EIXO|1,00000|PC|34,13|1,87|0|060|5405|5405|0,00|12,00|0,00|0,00|0,00|0,00|0|||0,00|0,00|0,00|06|0,00|0,0000|||0,00|06|0,00|0,0000|||0,00||
|C170|18|1460|ROLAMENTO|1,00000|PC|10,43|0,57|0|060|5405|5405|0,00|12,00|0,00|0,00|0,00|0,00|0|||0,00|0,00|0,00|06|0,00|0,0000|||0,00|06|0,00|0,0000|||0,00||
|C170|19|1630|ANEL DE RETENCAO|1,00000|PC|0,57|0,03|0|060|5405|5405|0,00|12,00|0,00|0,00|0,00|0,00|0|||0,00|0,00|0,00|06|0,00|0,0000|||0,00|06|0,00|0,0000|||0,00||
|C170|20|1633|PORCA CASTELO 1.1/8|1,00000|PC|12,33|0,67|0|060|5405|5405|0,00|12,00|0,00|0,00|0,00|0,00|0|||0,00|0,00|0,00|06|0,00|0,0000|||0,00|06|0,00|0,0000|||0,00||
|C170|21|1633|PORCA CASTELO 1.1/8|1,00000|PC|12,33|0,67|0|060|5405|5405|0,00|12,00|0,00|0,00|0,00|0,00|0|||0,00|0,00|0,00|06|0,00|0,0000|||0,00|06|0,00|0,0000|||0,00||
|C170|22|1633|PORCA CASTELO 1.1/8|1,00000|PC|12,33|0,67|0|060|5405|5405|0,00|12,00|0,00|0,00|0,00|0,00|0|||0,00|0,00|0,00|06|0,00|0,0000|||0,00|06|0,00|0,0000|||0,00||
|C170|23|1642|ANEL|1,00000|PC|0,19|0,01|0|060|5405|5405|0,00|12,00|0,00|0,00|0,00|0,00|0|||0,00|0,00|0,00|06|0,00|0,0000|||0,00|06|0,00|0,0000|||0,00||
|C170|24|1649|BICO DA CONEXAO|1,00000|PC|51,20|2,80|0|060|5405|5405|0,00|12,00|0,00|0,00|0,00|0,00|0|||0,00|0,00|0,00|06|0,00|0,0000|||0,00|06|0,00|0,0000|||0,00||
|C170|25|1861|CORREIA|9,00000|PC|486,40|26,60|0|060|5405|5405|0,00|12,00|0,00|0,00|0,00|0,00|0|||0,00|0,00|0,00|06|0,00|0,0000|||0,00|06|0,00|0,0000|||0,00||
|C170|26|1901|CORREIA B42|4,00000|PC|208,59|11,41|0|060|5405|5405|0,00|12,00|0,00|0,00|0,00|0,00|0|||0,00|0,00|0,00|06|0,00|0,0000|||0,00|06|0,00|0,0000|||0,00||
|C170|27|1903|CORREIA - A35|1,00000|PC|26,55|1,45|0|060|5405|5405|0,00|12,00|0,00|0,00|0,00|0,00|0|||0,00|0,00|0,00|06|0,00|0,0000|||0,00|06|0,00|0,0000|||0,00||
|C170|28|1903|CORREIA - A35|1,00000|PC|26,55|1,45|0|060|5405|5405|0,00|12,00|0,00|0,00|0,00|0,00|0|||0,00|0,00|0,00|06|0,00|0,0000|||0,00|06|0,00|0,0000|||0,00||
|C170|29|2433|ARRUELA PRESSAO 08MM|10,00000|PC|2,37|0,13|0|060|5405|5405|0,00|12,00|0,00|0,00|0,00|0,00|0|||0,00|0,00|0,00|06|0,00|0,0000|||0,00|06|0,00|0,0000|||0,00||
|C170|30|2510|PORCA 355565|1,00000|PC|0,52|0,03|0|060|5405|5405|0,00|12,00|0,00|0,00|0,00|0,00|0|||0,00|0,00|0,00|06|0,00|0,0000|||0,00|06|0,00|0,0000|||0,00||
|C170|31|2820|PARAFUSO|1,00000|PC|1,90|0,10|0|060|5405|5405|0,00|12,00|0,00|0,00|0,00|0,00|0|||0,00|0,00|0,00|06|0,00|0,0000|||0,00|06|0,00|0,0000|||0,00||
|C170|32|3630|VEDACAO|2,00000|PC|5,69|0,31|0|060|5405|5405|0,00|12,00|0,00|0,00|0,00|0,00|0|||0,00|0,00|0,00|06|0,00|0,0000|||0,00|06|0,00|0,0000|||0,00||
|C170|33|3791|PORCA|1,00000|PC|73,01|3,99|0|060|5405|5405|0,00|12,00|0,00|0,00|0,00|0,00|0|||0,00|0,00|0,00|06|0,00|0,0000|||0,00|06|0,00|0,0000|||0,00||
|C170|34|4000|MEXEDOR|3,00000|PC|2645,34|144,66|0|060|5405|5405|0,00|12,00|0,00|0,00|0,00|0,00|0|||0,00|0,00|0,00|06|0,00|0,0000|||0,00|06|0,00|0,0000|||0,00||
|C170|35|5503|VALVULA JP 150|6,00000|PC|79,64|4,36|0|060|5405|5405|0,00|12,00|0,00|0,00|0,00|0,00|0|||0,00|0,00|0,00|06|0,00|0,0000|||0,00|06|0,00|0,0000|||0,00||
|C170|36|5537|SUPORTE ENGATE|1,00000|PC|383,05|20,95|0|060|5405|5405|0,00|12,00|0,00|0,00|0,00|0,00|0|||0,00|0,00|0,00|06|0,00|0,0000|||0,00|06|0,00|0,0000|||0,00||
|C170|37|5749|KIT REPARO|1,00000|PC|333,75|18,25|0|060|5405|5405|0,00|12,00|0,00|0,00|0,00|0,00|0|||0,00|0,00|0,00|06|0,00|0,0000|||0,00|06|0,00|0,0000|||0,00||
|C170|38|6159|TEXACO 40 1LT|4,00000|UND|56,89|3,11|0|060|5405|5405|0,00|12,00|0,00|0,00|0,00|0,00|0|||0,00|0,00|0,00|06|0,00|0,0000|||0,00|06|0,00|0,0000|||0,00||
|C170|39|6159|TEXACO 40 1LT|3,00000|UND|42,67|2,33|0|060|5405|5405|0,00|12,00|0,00|0,00|0,00|0,00|0|||0,00|0,00|0,00|06|0,00|0,0000|||0,00|06|0,00|0,0000|||0,00||
|C170|40|6285|POLIA 146 1A|1,00000|PC|258,85|14,15|0|060|5405|5405|0,00|12,00|0,00|0,00|0,00|0,00|0|||0,00|0,00|0,00|06|0,00|0,0000|||0,00|06|0,00|0,0000|||0,00||
|C170|41|6502|BUJAO DE FREIO|1,00000|PC|21,81|1,19|0|060|5405|5405|0,00|12,00|0,00|0,00|0,00|0,00|0|||0,00|0,00|0,00|06|0,00|0,0000|||0,00|06|0,00|0,0000|||0,00||
|C170|42|6651|ARRUELA LISA|1,00000|PC|4,74|0,26|0|060|5405|5405|0,00|12,00|0,00|0,00|0,00|0,00|0|||0,00|0,00|0,00|06|0,00|0,0000|||0,00|06|0,00|0,0000|||0,00||
|C170|43|6651|ARRUELA LISA|1,00000|PC|4,74|0,26|0|060|5405|5405|0,00|12,00|0,00|0,00|0,00|0,00|0|||0,00|0,00|0,00|06|0,00|0,0000|||0,00|06|0,00|0,0000|||0,00||
|C170|44|6651|ARRUELA LISA|1,00000|PC|4,74|0,26|0|060|5405|5405|0,00|12,00|0,00|0,00|0,00|0,00|0|||0,00|0,00|0,00|06|0,00|0,0000|||0,00|06|0,00|0,0000|||0,00||
|C170|45|6652|ENGATE|2,00000|PC|1867,87|102,13|0|060|5405|5405|0,00|12,00|0,00|0,00|0,00|0,00|0|||0,00|0,00|0,00|06|0,00|0,0000|||0,00|06|0,00|0,0000|||0,00||
|C170|46|6653|PARAFUSO DE ACO|1,00000|PC|0,47|0,03|0|060|5405|5405|0,00|12,00|0,00|0,00|0,00|0,00|0|||0,00|0,00|0,00|06|0,00|0,0000|||0,00|06|0,00|0,0000|||0,00||
|C170|47|6654|PORCA|1,00000|PC|0,47|0,03|0|060|5405|5405|0,00|12,00|0,00|0,00|0,00|0,00|0|||0,00|0,00|0,00|06|0,00|0,0000|||0,00|06|0,00|0,0000|||0,00||
|C170|48|6655|ARRUELA LISA|1,00000|PC|0,47|0,03|0|060|5405|5405|0,00|12,00|0,00|0,00|0,00|0,00|0|||0,00|0,00|0,00|06|0,00|0,0000|||0,00|06|0,00|0,0000|||0,00||
|C170|49|6676|POLIA|1,00000|UND|456,06|24,94|0|060|5405|5405|0,00|12,00|0,00|0,00|0,00|0,00|0|||0,00|0,00|0,00|06|0,00|0,0000|||0,00|06|0,00|0,0000|||0,00||
|C100|1|0|98517260520|55|00|1|6928|29171211053630000140550010000069281000069283|27122017|27122017|160,00|1|6,00|0,00|166,00|0|0,00|0,00|166,00|0,00|0,00|0,00|0,00|0,00|0,00|0,00|0,00|0,00|
|C170|1|396|GARFO FORJADO|1,00000|PC|157,11|5,89|0|060|5405|5405|0,00|12,00|0,00|0,00|0,00|0,00|0|||0,00|0,00|0,00|06|0,00|0,0000|||0,00|06|0,00|0,0000|||0,00||
|C170|2|416|PINO ELASTICO|1,00000|PC|0,96|0,04|0|060|5405|5405|0,00|12,00|0,00|0,00|0,00|0,00|0|||0,00|0,00|0,00|06|0,00|0,0000|||0,00|06|0,00|0,0000|||0,00||
|C170|3|1143|ESTOPA 010|1,00000|UND|1,93|0,07|0|060|5405|5405|0,00|12,00|0,00|0,00|0,00|0,00|0|||0,00|0,00|0,00|06|0,00|0,0000|||0,00|06|0,00|0,0000|||0,00||
|C100|1|0|75058367068|55|00|1|6929|29171211053630000140550010000069291000069299|27122017|27122017|4100,00|1|230,50|0,00|4330,50|0|0,00|0,00|4330,50|0,00|0,00|0,00|0,00|0,00|0,00|0,00|0,00|0,00|
|C170|1|70|REPARO DE EMBREAGEM|1,00000|PC|302,02|16,98|0|060|5405|5405|0,00|12,00|0,00|0,00|0,00|0,00|0|||0,00|0,00|0,00|06|0,00|0,0000|||0,00|06|0,00|0,0000|||0,00||
|C170|2|101|ROLAMENTO 6203|1,00000|PC|14,20|0,80|0|060|5405|5405|0,00|12,00|0,00|0,00|0,00|0,00|0|||0,00|0,00|0,00|06|0,00|0,0000|||0,00|06|0,00|0,0000|||0,00||
|C170|3|237|PINO ENGATE RAPIDO|1,00000|PC|7,57|0,43|0|060|5405|5405|0,00|12,00|0,00|0,00|0,00|0,00|0|||0,00|0,00|0,00|06|0,00|0,0000|||0,00|06|0,00|0,0000|||0,00||
|C170|4|259|PINO ELASTICO 10 X 85|1,00000|PC|5,68|0,32|0|060|5405|5405|0,00|12,00|0,00|0,00|0,00|0,00|0|||0,00|0,00|0,00|06|0,00|0,0000|||0,00|06|0,00|0,0000|||0,00||
|C170|5|322|ENGATE RAPIDO|2,00000|PC|227,23|12,77|0|060|5405|5405|0,00|12,00|0,00|0,00|0,00|0,00|0|||0,00|0,00|0,00|06|0,00|0,0000|||0,00|06|0,00|0,0000|||0,00||
|C170|6|329|ENGATE RAPIDO - 190901|4,00000|PC|200,72|11,28|0|060|5405|5405|0,00|12,00|0,00|0,00|0,00|0,00|0|||0,00|0,00|0,00|06|0,00|0,0000|||0,00|06|0,00|0,0000|||0,00||
|C170|7|668|ARRUELA DE PRESSAO|6,00000|PC|2,84|0,16|0|060|5405|5405|0,00|12,00|0,00|0,00|0,00|0,00|0|||0,00|0,00|0,00|06|0,00|0,0000|||0,00|06|0,00|0,0000|||0,00||
|C170|8|713|ARRUELA LISA|2,00000|PC|0,95|0,05|0|060|5405|5405|0,00|12,00|0,00|0,00|0,00|0,00|0|||0,00|0,00|0,00|06|0,00|0,0000|||0,00|06|0,00|0,0000|||0,00||
|C170|9|760|PORCA 5/8 - JB3716|6,00000|PC|5,68|0,32|0|060|5405|5405|0,00|12,00|0,00|0,00|0,00|0,00|0|||0,00|0,00|0,00|06|0,00|0,0000|||0,00|06|0,00|0,0000|||0,00||
|C170|10|799|PARAFUSO DO ARO - 828217 / 119050|6,00000|PC|28,40|1,60|0|060|5405|5405|0,00|12,00|0,00|0,00|0,00|0,00|0|||0,00|0,00|0,00|06|0,00|0,0000|||0,00|06|0,00|0,0000|||0,00||
|C170|11|867|GRAXEIRA CURVA 1/4|1,00000|PC|1,42|0,08|0|060|5405|5405|0,00|12,00|0,00|0,00|0,00|0,00|0|||0,00|0,00|0,00|06|0,00|0,0000|||0,00|06|0,00|0,0000|||0,00||
|C170|12|1143|ESTOPA 010|2,00000|UND|3,79|0,21|0|060|5405|5405|0,00|12,00|0,00|0,00|0,00|0,00|0|||0,00|0,00|0,00|06|0,00|0,0000|||0,00|06|0,00|0,0000|||0,00||
|C170|13|1143|ESTOPA 010|2,00000|UND|3,79|0,21|0|060|5405|5405|0,00|12,00|0,00|0,00|0,00|0,00|0|||0,00|0,00|0,00|06|0,00|0,0000|||0,00|06|0,00|0,0000|||0,00||
|C170|14|1203|BICO 3/4|1,00000|PC|8,52|0,48|0|060|5405|5405|0,00|12,00|0,00|0,00|0,00|0,00|0|||0,00|0,00|0,00|06|0,00|0,0000|||0,00|06|0,00|0,0000|||0,00||
|C170|15|1209|CONECTOR|1,00000|PC|3,79|0,21|0|060|5405|5405|0,00|12,00|0,00|0,00|0,00|0,00|0|||0,00|0,00|0,00|06|0,00|0,0000|||0,00|06|0,00|0,0000|||0,00||
|C170|16|1222|CUBO|1,00000|PC|79,53|4,47|0|060|5405|5405|0,00|12,00|0,00|0,00|0,00|0,00|0|||0,00|0,00|0,00|06|0,00|0,0000|||0,00|06|0,00|0,0000|||0,00||
|C170|17|1226|TAMPAO|1,00000|PC|16,10|0,90|0|060|5405|5405|0,00|12,00|0,00|0,00|0,00|0,00|0|||0,00|0,00|0,00|06|0,00|0,0000|||0,00|06|0,00|0,0000|||0,00||
|C170|18|1365|MANGUEIRA 3/4|2,00000|PC|26,51|1,49|0|060|5405|5405|0,00|12,00|0,00|0,00|0,00|0,00|0|||0,00|0,00|0,00|06|0,00|0,0000|||0,00|06|0,00|0,0000|||0,00||
|C170|19|1940|TUBO TRIANGULAR FEMEA|1,00000|PC|99,41|5,59|0|060|5405|5405|0,00|12,00|0,00|0,00|0,00|0,00|0|||0,00|0,00|0,00|06|0,00|0,0000|||0,00|06|0,00|0,0000|||0,00||
|C170|20|1941|TUBO TRIANGULAR MACHO|1,00000|PC|63,43|3,57|0|060|5405|5405|0,00|12,00|0,00|0,00|0,00|0,00|0|||0,00|0,00|0,00|06|0,00|0,0000|||0,00|06|0,00|0,0000|||0,00||
|C170|21|1978|DISCO DA EMBREAGEM ESTRIA FINA|1,00000|PC|505,58|28,42|0|060|5405|5405|0,00|12,00|0,00|0,00|0,00|0,00|0|||0,00|0,00|0,00|06|0,00|0,0000|||0,00|06|0,00|0,0000|||0,00||
|C170|22|2024|TUBO|1,00000|PC|189,35|10,65|0|060|5405|5405|0,00|12,00|0,00|0,00|0,00|0,00|0|||0,00|0,00|0,00|06|0,00|0,0000|||0,00|06|0,00|0,0000|||0,00||
|C170|23|2111|CLIP P/MANGUEIRA|9,00000|PC|17,04|0,96|0|060|5405|5405|0,00|12,00|0,00|0,00|0,00|0,00|0|||0,00|0,00|0,00|06|0,00|0,0000|||0,00|06|0,00|0,0000|||0,00||
|C170|24|2260|BOIA|1,00000|PC|6,63|0,37|0|060|5405|5405|0,00|12,00|0,00|0,00|0,00|0,00|0|||0,00|0,00|0,00|06|0,00|0,0000|||0,00|06|0,00|0,0000|||0,00||
|C170|25|2515|CHAVETA|1,00000|PC|6,63|0,37|0|060|5405|5405|0,00|12,00|0,00|0,00|0,00|0,00|0|||0,00|0,00|0,00|06|0,00|0,0000|||0,00|06|0,00|0,0000|||0,00||
|C170|26|2547|CANO|1,00000|PC|173,26|9,74|0|060|5405|5405|0,00|12,00|0,00|0,00|0,00|0,00|0|||0,00|0,00|0,00|06|0,00|0,0000|||0,00|06|0,00|0,0000|||0,00||
|C170|27|2610|DISCO EMBREAGEM|1,00000|PC|460,13|25,87|0|060|5405|5405|0,00|12,00|0,00|0,00|0,00|0,00|0|||0,00|0,00|0,00|06|0,00|0,0000|||0,00|06|0,00|0,0000|||0,00||
|C170|28|2936|TUBO|1,00000|PC|172,31|9,69|0|060|5405|5405|0,00|12,00|0,00|0,00|0,00|0,00|0|||0,00|0,00|0,00|06|0,00|0,0000|||0,00|06|0,00|0,0000|||0,00||
|C170|29|3146|LUBRAX THF11 20L|1,00000|BD|262,26|14,74|0|060|5405|5405|0,00|12,00|0,00|0,00|0,00|0,00|0|||0,00|0,00|0,00|06|0,00|0,0000|||0,00|06|0,00|0,0000|||0,00||
|C170|30|3147|LUBRAX THF11 3L|3,00000|PC|130,65|7,35|0|060|5405|5405|0,00|12,00|0,00|0,00|0,00|0,00|0|||0,00|0,00|0,00|06|0,00|0,0000|||0,00|06|0,00|0,0000|||0,00||
|C170|31|3591|TUBO DE COMBUSTIVEL|1,00000|UND|286,87|16,13|0|060|5405|5405|0,00|12,00|0,00|0,00|0,00|0,00|0|||0,00|0,00|0,00|06|0,00|0,0000|||0,00|06|0,00|0,0000|||0,00||
|C170|32|3636|ROLAMENTO|1,00000|PC|157,16|8,84|0|060|5405|5405|0,00|12,00|0,00|0,00|0,00|0,00|0|||0,00|0,00|0,00|06|0,00|0,0000|||0,00|06|0,00|0,0000|||0,00||
|C170|33|3638|BICO DE 1/2|1,00000|PC|121,19|6,81|0|060|5405|5405|0,00|12,00|0,00|0,00|0,00|0,00|0|||0,00|0,00|0,00|06|0,00|0,0000|||0,00|06|0,00|0,0000|||0,00||
|C170|34|5008|CAPA BORRACHA - VALMET|2,00000|PC|9,47|0,53|0|060|5405|5405|0,00|12,00|0,00|0,00|0,00|0,00|0|||0,00|0,00|0,00|06|0,00|0,0000|||0,00|06|0,00|0,0000|||0,00||
|C170|35|5029|CAIXA DE FUSIVEIS|1,00000|PC|66,27|3,73|0|060|5405|5405|0,00|12,00|0,00|0,00|0,00|0,00|0|||0,00|0,00|0,00|06|0,00|0,0000|||0,00|06|0,00|0,0000|||0,00||
|C170|36|6633|ENGATE RAPIDO|2,00000|UND|333,26|18,74|0|060|5405|5405|0,00|12,00|0,00|0,00|0,00|0,00|0|||0,00|0,00|0,00|06|0,00|0,0000|||0,00|06|0,00|0,0000|||0,00||
|C170|37|6634|SUPORTE|1,00000|UND|100,36|5,64|0|060|5405|5405|0,00|12,00|0,00|0,00|0,00|0,00|0|||0,00|0,00|0,00|06|0,00|0,0000|||0,00|06|0,00|0,0000|||0,00||
|C100|1|0|20706111400|55|00|1|6930|29171211053630000140550010000069301000069303|27122017|27122017|45,00|0|0,00|0,00|45,00|0|0,00|0,00|45,00|0,00|0,00|0,00|0,00|0,00|0,00|0,00|0,00|0,00|
|C170|1|1682|FILTRO LUBRIFICANTE - 836647133|1,00000|PC|45,00|0,00|0|060|6404|6404|0,00|12,00|0,00|0,00|0,00|0,00|0|||0,00|0,00|0,00|06|0,00|0,0000|||0,00|06|0,00|0,0000|||0,00||
|C100|1|0|31238831400|55|00|1|6931|29171211053630000140550010000069311000069319|27122017|27122017|2680,00|1|25,30|0,00|2705,30|0|0,00|0,00|2705,30|0,00|0,00|0,00|0,00|0,00|0,00|0,00|0,00|0,00|
|C170|1|375|SOLENOIDE - 81077300|1,00000|PC|108,97|1,03|0|060|6404|6404|0,00|12,00|0,00|0,00|0,00|0,00|0|||0,00|0,00|0,00|06|0,00|0,0000|||0,00|06|0,00|0,0000|||0,00||
|C170|2|472|CUPILHA 5 / 32 X 2.1 / 2|2,00000|PC|1,29|0,01|0|060|6404|6404|0,00|12,00|0,00|0,00|0,00|0,00|0|||0,00|0,00|0,00|06|0,00|0,0000|||0,00|06|0,00|0,0000|||0,00||
|C170|3|852|PINO DE FIXACAO|2,00000|PC|23,78|0,22|0|060|6404|6404|0,00|12,00|0,00|0,00|0,00|0,00|0|||0,00|0,00|0,00|06|0,00|0,0000|||0,00|06|0,00|0,0000|||0,00||
|C170|4|1312|BRACO NIVELADOR|2,00000|PC|1684,10|15,90|0|060|6404|6404|0,00|12,00|0,00|0,00|0,00|0,00|0|||0,00|0,00|0,00|06|0,00|0,0000|||0,00|06|0,00|0,0000|||0,00||
|C170|5|1441|BANCO RETO - 3149999|1,00000|PC|861,86|8,14|0|060|6404|6404|0,00|12,00|0,00|0,00|0,00|0,00|0|||0,00|0,00|0,00|06|0,00|0,0000|||0,00|06|0,00|0,0000|||0,00||
|C100|1|0|01593417527|55|00|1|6932|29171211053630000140550010000069321000069324|28122017|28122017|130,00|1|6,00|0,00|136,00|0|0,00|0,00|136,00|0,00|0,00|0,00|0,00|0,00|0,00|0,00|0,00|0,00|
|C170|1|131|ROLAMENTO 32206A|1,00000|PC|62,13|2,87|0|060|5405|5405|0,00|12,00|0,00|0,00|0,00|0,00|0|||0,00|0,00|0,00|06|0,00|0,0000|||0,00|06|0,00|0,0000|||0,00||
|C170|2|143|ROLAMENTO 30207A|1,00000|PC|53,53|2,47|0|060|5405|5405|0,00|12,00|0,00|0,00|0,00|0,00|0|||0,00|0,00|0,00|06|0,00|0,0000|||0,00|06|0,00|0,0000|||0,00||
|C170|3|1029|RETENTOR DA RODA GUIA|1,00000|PC|14,34|0,66|0|060|5405|5405|0,00|12,00|0,00|0,00|0,00|0,00|0|||0,00|0,00|0,00|06|0,00|0,0000|||0,00|06|0,00|0,0000|||0,00||
|C100|1|0|03043233492|55|00|1|6933|29171211053630000140550010000069331000069330|28122017|28122017|3000,00|1|220,45|0,00|3220,45|0|0,00|0,00|3220,45|0,00|0,00|0,00|0,00|0,00|0,00|0,00|0,00|0,00|
|C170|1|180|SHELL WBF 100 BALDE 20 L|2,00000|BD|536,57|39,43|0|060|5405|5405|0,00|12,00|0,00|0,00|0,00|0,00|0|||0,00|0,00|0,00|06|0,00|0,0000|||0,00|06|0,00|0,0000|||0,00||
|C170|2|183|SHELL WBF 100 GALAO 4 L|1,00000|GL|77,32|5,68|0|060|5405|5405|0,00|12,00|0,00|0,00|0,00|0,00|0|||0,00|0,00|0,00|06|0,00|0,0000|||0,00|06|0,00|0,0000|||0,00||
|C170|3|538|FILTRO LUBRIFACANTE - 71028|1,00000|PC|29,81|2,19|0|060|5405|5405|0,00|12,00|0,00|0,00|0,00|0,00|0|||0,00|0,00|0,00|06|0,00|0,0000|||0,00|06|0,00|0,0000|||0,00||
|C170|4|589|CAPA PROTETORA DO CAMBIO|1,00000|PC|4,66|0,34|0|060|5405|5405|0,00|12,00|0,00|0,00|0,00|0,00|0|||0,00|0,00|0,00|06|0,00|0,0000|||0,00|06|0,00|0,0000|||0,00||
|C170|5|598|BOTAO DO ESTRANGULADOR|1,00000|PC|2,79|0,21|0|060|5405|5405|0,00|12,00|0,00|0,00|0,00|0,00|0|||0,00|0,00|0,00|06|0,00|0,0000|||0,00|06|0,00|0,0000|||0,00||
|C170|6|744|PORCA 1/2|1,00000|PC|0,47|0,03|0|060|5405|5405|0,00|12,00|0,00|0,00|0,00|0,00|0|||0,00|0,00|0,00|06|0,00|0,0000|||0,00|06|0,00|0,0000|||0,00||
|C170|7|758|PINO DO TIRANTE DA EMBREAGEM|4,00000|PC|7,45|0,55|0|060|5405|5405|0,00|12,00|0,00|0,00|0,00|0,00|0|||0,00|0,00|0,00|06|0,00|0,0000|||0,00|06|0,00|0,0000|||0,00||
|C170|8|837|FILTRO DE AR EXTERNO|1,00000|PC|122,03|8,97|0|060|5405|5405|0,00|12,00|0,00|0,00|0,00|0,00|0|||0,00|0,00|0,00|06|0,00|0,0000|||0,00|06|0,00|0,0000|||0,00||
|C170|9|840|FILTRO DE AR INTERNO|1,00000|PC|78,25|5,75|0|060|5405|5405|0,00|12,00|0,00|0,00|0,00|0,00|0|||0,00|0,00|0,00|06|0,00|0,0000|||0,00|06|0,00|0,0000|||0,00||
|C170|10|844|TUBO DO CARDAN DIANTEIRO|1,00000|PC|45,65|3,35|0|060|5405|5405|0,00|12,00|0,00|0,00|0,00|0,00|0|||0,00|0,00|0,00|06|0,00|0,0000|||0,00|06|0,00|0,0000|||0,00||
|C170|11|890|PARAFUSO ARMACAO DIANTEIRA|6,00000|PC|27,95|2,05|0|060|5405|5405|0,00|12,00|0,00|0,00|0,00|0,00|0|||0,00|0,00|0,00|06|0,00|0,0000|||0,00|06|0,00|0,0000|||0,00||
|C170|12|966|SHELL RIMULA RT4 X 15W40 GALAO 4L|1,00000|GL|75,46|5,54|0|060|5405|5405|0,00|12,00|0,00|0,00|0,00|0,00|0|||0,00|0,00|0,00|06|0,00|0,0000|||0,00|06|0,00|0,0000|||0,00||
|C170|13|967|SHELL RIMULA RT4 15W40 1L|3,00000|L|61,48|4,52|0|060|5405|5405|0,00|12,00|0,00|0,00|0,00|0,00|0|||0,00|0,00|0,00|06|0,00|0,0000|||0,00|06|0,00|0,0000|||0,00||
|C170|14|1018|ARRUELA LISA 5/8|8,00000|UND|1,86|0,14|0|060|5405|5405|0,00|12,00|0,00|0,00|0,00|0,00|0|||0,00|0,00|0,00|06|0,00|0,0000|||0,00|06|0,00|0,0000|||0,00||
|C170|15|1024|LIMPA CARTER|1,00000|L|25,15|1,85|0|060|5405|5405|0,00|12,00|0,00|0,00|0,00|0,00|0|||0,00|0,00|0,00|06|0,00|0,0000|||0,00|06|0,00|0,0000|||0,00||
|C170|16|1033|COPO DE VIDRO|1,00000|PC|9,29|0,71|0|060|5405|5405|0,00|12,00|0,00|0,00|0,00|0,00|0|||0,00|0,00|0,00|06|0,00|0,0000|||0,00|06|0,00|0,0000|||0,00||
|C170|17|1058|PINO 1``X110MM|2,00000|PC|24,22|1,78|0|060|5405|5405|0,00|12,00|0,00|0,00|0,00|0,00|0|||0,00|0,00|0,00|06|0,00|0,0000|||0,00|06|0,00|0,0000|||0,00||
|C170|18|1059|PINO TRAVA ( 7/16X2 )|2,00000|PC|7,45|0,55|0|060|5405|5405|0,00|12,00|0,00|0,00|0,00|0,00|0|||0,00|0,00|0,00|06|0,00|0,0000|||0,00|06|0,00|0,0000|||0,00||
|C170|19|1059|PINO TRAVA ( 7/16X2 )|1,00000|PC|3,73|0,27|0|060|5405|5405|0,00|12,00|0,00|0,00|0,00|0,00|0|||0,00|0,00|0,00|06|0,00|0,0000|||0,00|06|0,00|0,0000|||0,00||
|C170|20|1143|ESTOPA 010|2,00000|UND|3,73|0,27|0|060|5405|5405|0,00|12,00|0,00|0,00|0,00|0,00|0|||0,00|0,00|0,00|06|0,00|0,0000|||0,00|06|0,00|0,0000|||0,00||
|C170|21|1143|ESTOPA 010|1,00000|UND|1,86|0,14|0|060|5405|5405|0,00|12,00|0,00|0,00|0,00|0,00|0|||0,00|0,00|0,00|06|0,00|0,0000|||0,00|06|0,00|0,0000|||0,00||
|C170|22|1143|ESTOPA 010|2,00000|UND|3,73|0,27|0|060|5405|5405|0,00|12,00|0,00|0,00|0,00|0,00|0|||0,00|0,00|0,00|06|0,00|0,0000|||0,00|06|0,00|0,0000|||0,00||
|C170|23|1240|FILTRO HIDRAULICO|1,00000|PC|172,34|12,66|0|060|5405|5405|0,00|12,00|0,00|0,00|0,00|0,00|0|||0,00|0,00|0,00|06|0,00|0,0000|||0,00|06|0,00|0,0000|||0,00||
|C170|24|1251|FUSIVEL ENCAIXE 20A|12,00000|PC|11,18|0,82|0|060|5405|5405|0,00|12,00|0,00|0,00|0,00|0,00|0|||0,00|0,00|0,00|06|0,00|0,0000|||0,00|06|0,00|0,0000|||0,00||
|C170|25|1269|VARETA DA TAMPA DO LEVANTE HIDRAULICO|1,00000|PC|26,08|1,92|0|060|5405|5405|0,00|12,00|0,00|0,00|0,00|0,00|0|||0,00|0,00|0,00|06|0,00|0,0000|||0,00|06|0,00|0,0000|||0,00||
|C170|26|1424|ABRACADEIRA LARGA 51X64 ( 490804 )|2,00000|PC|9,32|0,68|0|060|5405|5405|0,00|12,00|0,00|0,00|0,00|0,00|0|||0,00|0,00|0,00|06|0,00|0,0000|||0,00|06|0,00|0,0000|||0,00||
|C170|27|1429|ABRACADEIRA LARGA 102 X 121 ( 3468400 )|2,00000|PC|12,11|0,89|0|060|5405|5405|0,00|12,00|0,00|0,00|0,00|0,00|0|||0,00|0,00|0,00|06|0,00|0,0000|||0,00|06|0,00|0,0000|||0,00||
|C170|28|1603|INTERRUPTOR FAROL ALTO|1,00000|PC|86,63|6,37|0|060|5405|5405|0,00|12,00|0,00|0,00|0,00|0,00|0|||0,00|0,00|0,00|06|0,00|0,0000|||0,00|06|0,00|0,0000|||0,00||
|C170|29|1606|VALVULA FILTRO AR - 80061100|1,00000|PC|15,84|1,16|0|060|5405|5405|0,00|12,00|0,00|0,00|0,00|0,00|0|||0,00|0,00|0,00|06|0,00|0,0000|||0,00|06|0,00|0,0000|||0,00||
|C170|30|1779|CAPA DO CARDAN DIANTEIRO|2,00000|PC|61,48|4,52|0|060|5405|5405|0,00|12,00|0,00|0,00|0,00|0,00|0|||0,00|0,00|0,00|06|0,00|0,0000|||0,00|06|0,00|0,0000|||0,00||
|C170|31|1878|GALAO INFERIOR|1,00000|PC|41,92|3,08|0|060|5405|5405|0,00|12,00|0,00|0,00|0,00|0,00|0|||0,00|0,00|0,00|06|0,00|0,0000|||0,00|06|0,00|0,0000|||0,00||
|C170|32|1879|GRADE FRONTAL LINHA 4200|1,00000|PC|636,25|46,75|0|060|5405|5405|0,00|12,00|0,00|0,00|0,00|0,00|0|||0,00|0,00|0,00|06|0,00|0,0000|||0,00|06|0,00|0,0000|||0,00||
|C170|33|1975|CHAPA - 81697900 / 81696000|2,00000|PC|54,03|3,97|0|060|5405|5405|0,00|12,00|0,00|0,00|0,00|0,00|0|||0,00|0,00|0,00|06|0,00|0,0000|||0,00|06|0,00|0,0000|||0,00||
|C170|34|2042|GUARDA PO DA ARTICULACAO|4,00000|PC|22,36|1,64|0|060|5405|5405|0,00|12,00|0,00|0,00|0,00|0,00|0|||0,00|0,00|0,00|06|0,00|0,0000|||0,00|06|0,00|0,0000|||0,00||
|C170|35|2562|ARRUELA|2,00000|PC|0,93|0,07|0|060|5405|5405|0,00|12,00|0,00|0,00|0,00|0,00|0|||0,00|0,00|0,00|06|0,00|0,0000|||0,00|06|0,00|0,0000|||0,00||
|C170|36|2771|DESINGRIPANTE 300ML|1,00000|PC|10,25|0,75|0|060|5405|5405|0,00|12,00|0,00|0,00|0,00|0,00|0|||0,00|0,00|0,00|06|0,00|0,0000|||0,00|06|0,00|0,0000|||0,00||
|C170|37|2800|LUBRAX 90 1L|7,00000|PC|91,29|6,71|0|060|5405|5405|0,00|12,00|0,00|0,00|0,00|0,00|0|||0,00|0,00|0,00|06|0,00|0,0000|||0,00|06|0,00|0,0000|||0,00||
|C170|38|2821|PORCA|1,00000|PC|1,86|0,14|0|060|5405|5405|0,00|12,00|0,00|0,00|0,00|0,00|0|||0,00|0,00|0,00|06|0,00|0,0000|||0,00|06|0,00|0,0000|||0,00||
|C170|39|2884|PARAFUSO|1,00000|PC|2,79|0,21|0|060|5405|5405|0,00|12,00|0,00|0,00|0,00|0,00|0|||0,00|0,00|0,00|06|0,00|0,0000|||0,00|06|0,00|0,0000|||0,00||
|C170|40|2983|PARAFUSO|1,00000|PC|3,26|0,24|0|060|5405|5405|0,00|12,00|0,00|0,00|0,00|0,00|0|||0,00|0,00|0,00|06|0,00|0,0000|||0,00|06|0,00|0,0000|||0,00||
|C170|41|3517|BUZINA|1,00000|PC|79,18|5,82|0|060|5405|5405|0,00|12,00|0,00|0,00|0,00|0,00|0|||0,00|0,00|0,00|06|0,00|0,0000|||0,00|06|0,00|0,0000|||0,00||
|C170|42|3534|GRAMPO|4,00000|PC|3,73|0,27|0|060|5405|5405|0,00|12,00|0,00|0,00|0,00|0,00|0|||0,00|0,00|0,00|06|0,00|0,0000|||0,00|06|0,00|0,0000|||0,00||
|C170|43|3714|MANGUEIRA|1,00000|MT|136,01|9,99|0|060|5405|5405|0,00|12,00|0,00|0,00|0,00|0,00|0|||0,00|0,00|0,00|06|0,00|0,0000|||0,00|06|0,00|0,0000|||0,00||
|C170|44|3788|PINO|1,00000|PC|98,74|7,26|0|060|5405|5405|0,00|12,00|0,00|0,00|0,00|0,00|0|||0,00|0,00|0,00|06|0,00|0,0000|||0,00|06|0,00|0,0000|||0,00||
|C170|45|4223|ALCA DE MIRA|1,00000|UND|40,06|2,94|0|060|5405|5405|0,00|12,00|0,00|0,00|0,00|0,00|0|||0,00|0,00|0,00|06|0,00|0,0000|||0,00|06|0,00|0,0000|||0,00||
|C170|46|4588|PORCA|4,00000|PC|3,73|0,27|0|060|5405|5405|0,00|12,00|0,00|0,00|0,00|0,00|0|||0,00|0,00|0,00|06|0,00|0,0000|||0,00|06|0,00|0,0000|||0,00||
|C170|47|4667|PORCA|1,00000|PC|0,28|0,02|0|060|5405|5405|0,00|12,00|0,00|0,00|0,00|0,00|0|||0,00|0,00|0,00|06|0,00|0,0000|||0,00|06|0,00|0,0000|||0,00||
|C170|48|4724|RELE DE PISCA|1,00000|PC|24,22|1,78|0|060|5405|5405|0,00|12,00|0,00|0,00|0,00|0,00|0|||0,00|0,00|0,00|06|0,00|0,0000|||0,00|06|0,00|0,0000|||0,00||
|C170|49|4725|RELE AUXILIAR 4 SAIDAS|1,00000|PC|16,77|1,23|0|060|5405|5405|0,00|12,00|0,00|0,00|0,00|0,00|0|||0,00|0,00|0,00|06|0,00|0,0000|||0,00|06|0,00|0,0000|||0,00||
|C170|50|4944|ARRUELA 1/2|1,00000|PC|0,14|0,01|0|060|5405|5405|0,00|12,00|0,00|0,00|0,00|0,00|0|||0,00|0,00|0,00|06|0,00|0,0000|||0,00|06|0,00|0,0000|||0,00||
|C170|51|5813|EMBREMA TRIPLO TRIANGULO|1,00000|UND|137,87|10,13|0|060|5405|5405|0,00|12,00|0,00|0,00|0,00|0,00|0|||0,00|0,00|0,00|06|0,00|0,0000|||0,00|06|0,00|0,0000|||0,00||
|C170|52|6175|COPO PARA FILTRO|1,00000|PC|15,84|1,16|0|060|5405|5405|0,00|12,00|0,00|0,00|0,00|0,00|0|||0,00|0,00|0,00|06|0,00|0,0000|||0,00|06|0,00|0,0000|||0,00||
|C170|53|6593|CJ TIRANTE FREIO|1,00000|PC|32,60|2,40|0|060|5405|5405|0,00|12,00|0,00|0,00|0,00|0,00|0|||0,00|0,00|0,00|06|0,00|0,0000|||0,00|06|0,00|0,0000|||0,00||
|C100|1|0|37752030520|55|00|1|6934|29171211053630000140550010000069341000069345|28122017|28122017|1282,00|1|0,00|0,00|1282,00|0|0,00|0,00|1282,00|0,00|0,00|0,00|0,00|0,00|0,00|0,00|0,00|0,00|
|C170|1|70|REPARO DE EMBREAGEM|1,00000|PC|319,00|0,00|0|060|5405|5405|0,00|12,00|0,00|0,00|0,00|0,00|0|||0,00|0,00|0,00|06|0,00|0,0000|||0,00|06|0,00|0,0000|||0,00||
|C170|2|1143|ESTOPA 010|2,00000|UND|4,00|0,00|0|060|5405|5405|0,00|12,00|0,00|0,00|0,00|0,00|0|||0,00|0,00|0,00|06|0,00|0,0000|||0,00|06|0,00|0,0000|||0,00||
|C170|3|2610|DISCO EMBREAGEM|1,00000|PC|486,00|0,00|0|060|5405|5405|0,00|12,00|0,00|0,00|0,00|0,00|0|||0,00|0,00|0,00|06|0,00|0,0000|||0,00|06|0,00|0,0000|||0,00||
|C170|4|3236|BRACO TELESCOPIO|1,00000|PC|401,00|0,00|0|060|5405|5405|0,00|12,00|0,00|0,00|0,00|0,00|0|||0,00|0,00|0,00|06|0,00|0,0000|||0,00|06|0,00|0,0000|||0,00||
|C170|5|6195|MANGUEIRA LARANJA 1/2 RL100M|12,00000|MT|72,00|0,00|0|060|5405|5405|0,00|12,00|0,00|0,00|0,00|0,00|0|||0,00|0,00|0,00|06|0,00|0,0000|||0,00|06|0,00|0,0000|||0,00||
|C100|1|0||55|05|1|6935||||||||||||||||||||||
|C100|1|0|59260742587|55|00|1|6936|29171211053630000140550010000069361000069366|28122017|28122017|630,00|0|40,00|0,00|670,00|0|0,00|0,00|670,00|0,00|0,00|0,00|0,00|0,00|0,00|0,00|0,00|0,00|
|C170|1|657|MANOMETRO DE 500LBS|1,00000|PC|155,83|14,17|0|060|5405|5405|0,00|12,00|0,00|0,00|0,00|0,00|0|||0,00|0,00|0,00|06|0,00|0,0000|||0,00|06|0,00|0,0000|||0,00||
|C170|2|1125|PAR ROCADOR 1,70MM|1,00000|PC|190,00|0,00|0|060|5405|5405|0,00|12,00|0,00|0,00|0,00|0,00|0|||0,00|0,00|0,00|06|0,00|0,0000|||0,00|06|0,00|0,0000|||0,00||
|C170|3|1206|REGISTRO PARA BICO - M274/4|2,00000|PC|47,67|4,33|0|060|5405|5405|0,00|12,00|0,00|0,00|0,00|0,00|0|||0,00|0,00|0,00|06|0,00|0,0000|||0,00|06|0,00|0,0000|||0,00||
|C170|4|4912|PORCA - M218|20,00000|UND|55,00|5,00|0|060|5405|5405|0,00|12,00|0,00|0,00|0,00|0,00|0|||0,00|0,00|0,00|06|0,00|0,0000|||0,00|06|0,00|0,0000|||0,00||
|C170|5|6352|BICO CONE VAZIO MGA 4 - M056|22,00000|UND|181,50|16,50|0|060|5405|5405|0,00|12,00|0,00|0,00|0,00|0,00|0|||0,00|0,00|0,00|06|0,00|0,0000|||0,00|06|0,00|0,0000|||0,00||
|C100|1|0|99999999999|55|00|1|6939|29171211053630000140550010000069391000069392|28122017|28122017|130,00|2|0,00|0,00|130,00|0|0,00|0,00|260,00|0,00|0,00|0,00|0,00|0,00|0,00|0,00|0,00|0,00|
|C170|1|1915|RETENTOR|1,00000|PC|130,00|0,00|0|041|5929|5929|0,00|0,00|0,00|0,00|0,00|0,00|0|||0,00|0,00|0,00|49|0,00|0,0000|||0,00|49|0,00|0,0000|||0,00||
|C100|0|0|99999999999|55|00|1|6940|29171211053630000140550010000069401000069407|28122017|28122017|130,00|2|0,00|0,00|130,00|9|0,00|0,00|0,00|0,00|0,00|0,00|0,00|0,00|0,00|0,00|0,00|0,00|
|C170|1|1915|RETENTOR|1,00000|PC|130,00|0,00|0|041|1202|1202|0,00|0,00|0,00|0,00|0,00|0,00|0|||0,00|0,00|0,00|73|0,00|0,0000|||0,00|73|0,00|0,0000|||0,00||
|C100|1|0|09575708000226|55|00|1|6941|29171211053630000140550010000069411000069412|28122017|28122017|245,00|1|0,00|0,00|245,00|0|0,00|0,00|245,00|0,00|0,00|0,00|0,00|0,00|0,00|0,00|0,00|0,00|
|C170|1|134|ROLAMENTO 32208|1,00000|PC|55,00|0,00|0|060|5405|5405|0,00|12,00|0,00|0,00|0,00|0,00|0|||0,00|0,00|0,00|06|0,00|0,0000|||0,00|06|0,00|0,0000|||0,00||
|C170|2|5166|ROLAMENTO|1,00000|PC|60,00|0,00|0|060|5405|5405|0,00|12,00|0,00|0,00|0,00|0,00|0|||0,00|0,00|0,00|06|0,00|0,0000|||0,00|06|0,00|0,0000|||0,00||
|C170|3|5821|MANOMETRO 500L - M614|1,00000|UND|130,00|0,00|0|060|5405|5405|0,00|12,00|0,00|0,00|0,00|0,00|0|||0,00|0,00|0,00|06|0,00|0,0000|||0,00|06|0,00|0,0000|||0,00||
|C100|1|0|69954626000133|55|00|1|6942|29171211053630000140550010000069421000069428|28122017|28122017|333,00|1|0,00|0,00|333,00|0|0,00|0,00|333,00|0,00|0,00|0,00|0,00|0,00|0,00|0,00|0,00|0,00|
|C170|1|217|CRUZETA  CC36|2,00000|PC|78,00|0,00|0|060|5405|5405|0,00|12,00|0,00|0,00|0,00|0,00|0|||0,00|0,00|0,00|06|0,00|0,0000|||0,00|06|0,00|0,0000|||0,00||
|C170|2|223|TERMINAL ENGATE RAPIDO|4,00000|PC|200,00|0,00|0|060|5405|5405|0,00|12,00|0,00|0,00|0,00|0,00|0|||0,00|0,00|0,00|06|0,00|0,0000|||0,00|06|0,00|0,0000|||0,00||
|C170|3|361|RETENTOR  CUBO - 81331000|1,00000|PC|55,00|0,00|0|060|5405|5405|0,00|12,00|0,00|0,00|0,00|0,00|0|||0,00|0,00|0,00|06|0,00|0,0000|||0,00|06|0,00|0,0000|||0,00||
|C100|1|0|05334163883|55|00|1|6943|29171211053630000140550010000069431000069433|28122017|28122017|90,00|1|0,00|0,00|90,00|0|0,00|0,00|90,00|0,00|0,00|0,00|0,00|0,00|0,00|0,00|0,00|0,00|
|C170|1|6124|BICO 1.4/4|1,00000|PC|30,00|0,00|0|060|6404|6404|0,00|12,00|0,00|0,00|0,00|0,00|0|||0,00|0,00|0,00|06|0,00|0,0000|||0,00|06|0,00|0,0000|||0,00||
|C170|2|6192|MANGUEIRA SUCCAO 1.1/4|6,00000|MT|60,00|0,00|0|060|6404|6404|0,00|12,00|0,00|0,00|0,00|0,00|0|||0,00|0,00|0,00|06|0,00|0,0000|||0,00|06|0,00|0,0000|||0,00||
|C100|1|0|01027584845|55|00|1|6944|29171211053630000140550010000069441000069449|29122017|29122017|800,00|1|73,00|0,00|873,00|0|0,00|0,00|873,00|0,00|0,00|0,00|0,00|0,00|0,00|0,00|0,00|0,00|
|C170|1|1271|GRAXEIRA 3/8 RETA|10,00000|PC|13,75|1,25|0|060|6404|6404|0,00|12,00|0,00|0,00|0,00|0,00|0|||0,00|0,00|0,00|06|0,00|0,0000|||0,00|06|0,00|0,0000|||0,00||
|C170|2|1887|PRENDEDOR|4,00000|PC|58,65|5,35|0|060|6404|6404|0,00|12,00|0,00|0,00|0,00|0,00|0|||0,00|0,00|0,00|06|0,00|0,0000|||0,00|06|0,00|0,0000|||0,00||
|C170|3|4587|MANCAL DE ATRITO|3,00000|PC|269,42|24,58|0|060|6404|6404|0,00|12,00|0,00|0,00|0,00|0,00|0|||0,00|0,00|0,00|06|0,00|0,0000|||0,00|06|0,00|0,0000|||0,00||
|C170|4|6701|SEPARADOR|10,00000|UND|458,18|41,82|0|060|6404|6404|0,00|12,00|0,00|0,00|0,00|0,00|0|||0,00|0,00|0,00|06|0,00|0,0000|||0,00|06|0,00|0,0000|||0,00||
|C100|1|0|04220135000113|55|00|1|6945|29171211053630000140550010000069451000069454|29122017|29122017|445,40|2|0,00|0,00|409,71|9|0,00|0,00|0,00|409,71|73,75|608,01|35,69|0,00|0,00|0,00|0,00|0,00|
|C170|1|6700|PAR ROCADOR|2,00000|UND|409,71|0,00|0|010|6411|6411|409,71|18,00|73,75|608,01|0,00|35,69|0|||0,00|0,00|0,00|73|0,00|0,0000|||0,00|73|0,00|0,0000|||0,00||
|C100|1|0|92645097553|55|00|1|6946|29171211053630000140550010000069461000069460|29122017|29122017|4360,00|1|803,00|0,00|5163,00|0|0,00|0,00|5163,00|0,00|0,00|0,00|0,00|0,00|0,00|0,00|0,00|0,00|
|C170|1|475|CUPILHA 5/32 - JE3108|2,00000|PC|0,84|0,16|0|060|5405|5405|0,00|12,00|0,00|0,00|0,00|0,00|0|||0,00|0,00|0,00|06|0,00|0,0000|||0,00|06|0,00|0,0000|||0,00||
|C170|2|639|ANEL - KH4005|2,00000|PC|0,84|0,16|0|060|5405|5405|0,00|12,00|0,00|0,00|0,00|0,00|0|||0,00|0,00|0,00|06|0,00|0,0000|||0,00|06|0,00|0,0000|||0,00||
|C170|3|1143|ESTOPA 010|1,00000|UND|1,69|0,31|0|060|5405|5405|0,00|12,00|0,00|0,00|0,00|0,00|0|||0,00|0,00|0,00|06|0,00|0,0000|||0,00|06|0,00|0,0000|||0,00||
|C170|4|1143|ESTOPA 010|2,00000|UND|3,38|0,62|0|060|5405|5405|0,00|12,00|0,00|0,00|0,00|0,00|0|||0,00|0,00|0,00|06|0,00|0,0000|||0,00|06|0,00|0,0000|||0,00||
|C170|5|1430|COLA SILICONE PRETA|1,00000|PC|10,13|1,87|0|060|5405|5405|0,00|12,00|0,00|0,00|0,00|0,00|0|||0,00|0,00|0,00|06|0,00|0,0000|||0,00|06|0,00|0,0000|||0,00||
|C170|6|1430|COLA SILICONE PRETA|1,00000|PC|10,13|1,87|0|060|5405|5405|0,00|12,00|0,00|0,00|0,00|0,00|0|||0,00|0,00|0,00|06|0,00|0,0000|||0,00|06|0,00|0,0000|||0,00||
|C170|7|1432|TRAVA ROSCA|1,00000|PC|10,13|1,87|0|060|5405|5405|0,00|12,00|0,00|0,00|0,00|0,00|0|||0,00|0,00|0,00|06|0,00|0,0000|||0,00|06|0,00|0,0000|||0,00||
|C170|8|1432|TRAVA ROSCA|2,00000|PC|20,27|3,73|0|060|5405|5405|0,00|12,00|0,00|0,00|0,00|0,00|0|||0,00|0,00|0,00|06|0,00|0,0000|||0,00|06|0,00|0,0000|||0,00||
|C170|9|2651|ANEL - VALMET|1,00000|PC|2,53|0,47|0|060|5405|5405|0,00|12,00|0,00|0,00|0,00|0,00|0|||0,00|0,00|0,00|06|0,00|0,0000|||0,00|06|0,00|0,0000|||0,00||
|C170|10|3836|CALCO DO EIXO  T.D.F - VALMET|2,00000|PC|5,07|0,93|0|060|5405|5405|0,00|12,00|0,00|0,00|0,00|0,00|0|||0,00|0,00|0,00|06|0,00|0,0000|||0,00|06|0,00|0,0000|||0,00||
|C170|11|4544|APOIO DESLIZANTE - VALMET|4,00000|PC|13,51|2,49|0|060|5405|5405|0,00|12,00|0,00|0,00|0,00|0,00|0|||0,00|0,00|0,00|06|0,00|0,0000|||0,00|06|0,00|0,0000|||0,00||
|C170|12|4547|ANEL O - VALMET|1,00000|PC|3,38|0,62|0|060|5405|5405|0,00|12,00|0,00|0,00|0,00|0,00|0|||0,00|0,00|0,00|06|0,00|0,0000|||0,00|06|0,00|0,0000|||0,00||
|C170|13|5348|PORCA M3 5 X 1,5 - VALMET LB3011|1,00000|PC|52,36|9,64|0|060|5405|5405|0,00|12,00|0,00|0,00|0,00|0,00|0|||0,00|0,00|0,00|06|0,00|0,0000|||0,00|06|0,00|0,0000|||0,00||
|C170|14|5348|PORCA M3 5 X 1,5 - VALMET LB3011|2,00000|PC|104,71|19,29|0|060|5405|5405|0,00|12,00|0,00|0,00|0,00|0,00|0|||0,00|0,00|0,00|06|0,00|0,0000|||0,00|06|0,00|0,0000|||0,00||
|C170|15|5381|RETENTOR - VALMET|2,00000|PC|15,20|2,80|0|060|5405|5405|0,00|12,00|0,00|0,00|0,00|0,00|0|||0,00|0,00|0,00|06|0,00|0,0000|||0,00|06|0,00|0,0000|||0,00||
|C170|16|5383|SINCR. COMPLETO - VALMET|1,00000|PC|891,76|164,24|0|060|5405|5405|0,00|12,00|0,00|0,00|0,00|0,00|0|||0,00|0,00|0,00|06|0,00|0,0000|||0,00|06|0,00|0,0000|||0,00||
|C170|17|6036|MOLA DE TRAVA|2,00000|UND|4,24|0,76|0|060|5405|5405|0,00|12,00|0,00|0,00|0,00|0,00|0|||0,00|0,00|0,00|06|0,00|0,0000|||0,00|06|0,00|0,0000|||0,00||
|C170|18|6683|ENGRENAGEM|1,00000|UND|740,60|136,40|0|060|5405|5405|0,00|12,00|0,00|0,00|0,00|0,00|0|||0,00|0,00|0,00|06|0,00|0,0000|||0,00|06|0,00|0,0000|||0,00||
|C170|19|6684|EIXO LATERAL|1,00000|UND|2005,62|369,38|0|060|5405|5405|0,00|12,00|0,00|0,00|0,00|0,00|0|||0,00|0,00|0,00|06|0,00|0,0000|||0,00|06|0,00|0,0000|||0,00||
|C170|20|6685|BUCHA DO PINHAO|1,00000|UND|195,07|35,93|0|060|5405|5405|0,00|12,00|0,00|0,00|0,00|0,00|0|||0,00|0,00|0,00|06|0,00|0,0000|||0,00|06|0,00|0,0000|||0,00||
|C170|21|6699|BUCHA INTERMEDIARIA|1,00000|UND|268,54|49,46|0|060|5405|5405|0,00|12,00|0,00|0,00|0,00|0,00|0|||0,00|0,00|0,00|06|0,00|0,0000|||0,00|06|0,00|0,0000|||0,00||
|C100|1|0|38864550410|55|00|1|6947|29171211053630000140550010000069471000069475|29122017|29122017|90,00|0|0,00|0,00|90,00|0|0,00|0,00|90,00|0,00|0,00|0,00|0,00|0,00|0,00|0,00|0,00|0,00|
|C170|1|1416|BICO DE ENGATE 3/4|1,00000|PC|50,00|0,00|0|060|5405|5405|0,00|12,00|0,00|0,00|0,00|0,00|0|||0,00|0,00|0,00|06|0,00|0,0000|||0,00|06|0,00|0,0000|||0,00||
|C170|2|2264|BICO CONEXAO CURVO|1,00000|PC|40,00|0,00|0|060|5405|5405|0,00|12,00|0,00|0,00|0,00|0,00|0|||0,00|0,00|0,00|06|0,00|0,0000|||0,00|06|0,00|0,0000|||0,00||
|C100|1|0|01273669000462|55|00|1|6948|29171211053630000140550010000069481000069480|29122017|29122017|2997,00|1|0,00|0,00|2997,00|0|0,00|0,00|2997,00|0,00|0,00|0,00|0,00|0,00|0,00|0,00|0,00|0,00|
|C170|1|394|BRACO NIVELADOR ESQ.|1,00000|PC|322,00|0,00|0|060|6404|6404|0,00|12,00|0,00|0,00|0,00|0,00|0|||0,00|0,00|0,00|06|0,00|0,0000|||0,00|06|0,00|0,0000|||0,00||
|C170|2|407|BRACO NIVELADOR|1,00000|PC|680,00|0,00|0|060|6404|6404|0,00|12,00|0,00|0,00|0,00|0,00|0|||0,00|0,00|0,00|06|0,00|0,0000|||0,00|06|0,00|0,0000|||0,00||
|C170|3|475|CUPILHA 5/32 - JE3108|2,00000|PC|1,00|0,00|0|060|6404|6404|0,00|12,00|0,00|0,00|0,00|0,00|0|||0,00|0,00|0,00|06|0,00|0,0000|||0,00|06|0,00|0,0000|||0,00||
|C170|4|504|REPARO DE DIRECAO|1,00000|PC|45,00|0,00|0|060|6404|6404|0,00|12,00|0,00|0,00|0,00|0,00|0|||0,00|0,00|0,00|06|0,00|0,0000|||0,00|06|0,00|0,0000|||0,00||
|C170|5|516|REPARO DA TAMPA|1,00000|PC|5,00|0,00|0|060|6404|6404|0,00|12,00|0,00|0,00|0,00|0,00|0|||0,00|0,00|0,00|06|0,00|0,0000|||0,00|06|0,00|0,0000|||0,00||
|C170|6|589|CAPA PROTETORA DO CAMBIO|2,00000|PC|10,00|0,00|0|060|6404|6404|0,00|12,00|0,00|0,00|0,00|0,00|0|||0,00|0,00|0,00|06|0,00|0,0000|||0,00|06|0,00|0,0000|||0,00||
|C170|7|610|BRACO DO LEVANTE|2,00000|PC|690,00|0,00|0|060|6404|6404|0,00|12,00|0,00|0,00|0,00|0,00|0|||0,00|0,00|0,00|06|0,00|0,0000|||0,00|06|0,00|0,0000|||0,00||
|C170|8|736|TORNEIRA DE ALUMINIO|1,00000|PC|47,00|0,00|0|060|6404|6404|0,00|12,00|0,00|0,00|0,00|0,00|0|||0,00|0,00|0,00|06|0,00|0,0000|||0,00|06|0,00|0,0000|||0,00||
|C170|9|742|PORCA 3/4|2,00000|PC|3,00|0,00|0|060|6404|6404|0,00|12,00|0,00|0,00|0,00|0,00|0|||0,00|0,00|0,00|06|0,00|0,0000|||0,00|06|0,00|0,0000|||0,00||
|C170|10|771|PORCA 3/4 - JB3719|2,00000|PC|4,00|0,00|0|060|6404|6404|0,00|12,00|0,00|0,00|0,00|0,00|0|||0,00|0,00|0,00|06|0,00|0,0000|||0,00|06|0,00|0,0000|||0,00||
|C170|11|831|PARAFUSO SEXTAVADO|2,00000|PC|26,00|0,00|0|060|6404|6404|0,00|12,00|0,00|0,00|0,00|0,00|0|||0,00|0,00|0,00|06|0,00|0,0000|||0,00|06|0,00|0,0000|||0,00||
|C170|12|852|PINO DE FIXACAO|2,00000|PC|24,00|0,00|0|060|6404|6404|0,00|12,00|0,00|0,00|0,00|0,00|0|||0,00|0,00|0,00|06|0,00|0,0000|||0,00|06|0,00|0,0000|||0,00||
|C170|13|1143|ESTOPA 010|2,00000|UND|4,00|0,00|0|060|6404|6404|0,00|12,00|0,00|0,00|0,00|0,00|0|||0,00|0,00|0,00|06|0,00|0,0000|||0,00|06|0,00|0,0000|||0,00||
|C170|14|1143|ESTOPA 010|3,00000|UND|6,00|0,00|0|060|6404|6404|0,00|12,00|0,00|0,00|0,00|0,00|0|||0,00|0,00|0,00|06|0,00|0,0000|||0,00|06|0,00|0,0000|||0,00||
|C170|15|1430|COLA SILICONE PRETA|1,00000|PC|12,00|0,00|0|060|6404|6404|0,00|12,00|0,00|0,00|0,00|0,00|0|||0,00|0,00|0,00|06|0,00|0,0000|||0,00|06|0,00|0,0000|||0,00||
|C170|16|1679|ARRUELA|2,00000|PC|12,00|0,00|0|060|6404|6404|0,00|12,00|0,00|0,00|0,00|0,00|0|||0,00|0,00|0,00|06|0,00|0,0000|||0,00|06|0,00|0,0000|||0,00||
|C170|17|1760|DISCO BATENTE|1,00000|PC|8,00|0,00|0|060|6404|6404|0,00|12,00|0,00|0,00|0,00|0,00|0|||0,00|0,00|0,00|06|0,00|0,0000|||0,00|06|0,00|0,0000|||0,00||
|C170|18|2318|ANEL|1,00000|PC|10,00|0,00|0|060|6404|6404|0,00|12,00|0,00|0,00|0,00|0,00|0|||0,00|0,00|0,00|06|0,00|0,0000|||0,00|06|0,00|0,0000|||0,00||
|C170|19|3366|LUBRAX ATF TA 1LT|2,00000|UND|40,00|0,00|0|060|6404|6404|0,00|12,00|0,00|0,00|0,00|0,00|0|||0,00|0,00|0,00|06|0,00|0,0000|||0,00|06|0,00|0,0000|||0,00||
|C170|20|3366|LUBRAX ATF TA 1LT|2,00000|UND|40,00|0,00|0|060|6404|6404|0,00|12,00|0,00|0,00|0,00|0,00|0|||0,00|0,00|0,00|06|0,00|0,0000|||0,00|06|0,00|0,0000|||0,00||
|C170|21|3494|BOMBA ALIMENTADORA|1,00000|UND|196,00|0,00|0|060|6404|6404|0,00|12,00|0,00|0,00|0,00|0,00|0|||0,00|0,00|0,00|06|0,00|0,0000|||0,00|06|0,00|0,0000|||0,00||
|C170|22|3760|BUCHA EIXO|2,00000|PC|134,00|0,00|0|060|6404|6404|0,00|12,00|0,00|0,00|0,00|0,00|0|||0,00|0,00|0,00|06|0,00|0,0000|||0,00|06|0,00|0,0000|||0,00||
|C170|23|3858|EIXO|1,00000|PC|528,00|0,00|0|060|6404|6404|0,00|12,00|0,00|0,00|0,00|0,00|0|||0,00|0,00|0,00|06|0,00|0,0000|||0,00|06|0,00|0,0000|||0,00||
|C170|24|6464|COIFA DAS ALAVANCAS|2,00000|PC|48,00|0,00|0|060|6404|6404|0,00|12,00|0,00|0,00|0,00|0,00|0|||0,00|0,00|0,00|06|0,00|0,0000|||0,00|06|0,00|0,0000|||0,00||
|C170|25|6661|CJ TORNEIRA|1,00000|UND|102,00|0,00|0|060|6404|6404|0,00|12,00|0,00|0,00|0,00|0,00|0|||0,00|0,00|0,00|06|0,00|0,0000|||0,00|06|0,00|0,0000|||0,00||
|C100|1|0|01273669001191|55|00|1|6949|29171211053630000140550010000069491000069496|29122017|29122017|122,00|1|0,00|0,00|122,00|0|0,00|0,00|122,00|0,00|0,00|0,00|0,00|0,00|0,00|0,00|0,00|0,00|
|C170|1|809|RETENTOR SEMI-EIXO - 80568900|2,00000|PC|84,00|0,00|0|060|6404|6404|0,00|12,00|0,00|0,00|0,00|0,00|0|||0,00|0,00|0,00|06|0,00|0,0000|||0,00|06|0,00|0,0000|||0,00||
|C170|2|920|RETENTOR DO SEMI EIXO|2,00000|PC|34,00|0,00|0|060|6404|6404|0,00|12,00|0,00|0,00|0,00|0,00|0|||0,00|0,00|0,00|06|0,00|0,0000|||0,00|06|0,00|0,0000|||0,00||
|C170|3|1143|ESTOPA 010|2,00000|UND|4,00|0,00|0|060|6404|6404|0,00|12,00|0,00|0,00|0,00|0,00|0|||0,00|0,00|0,00|06|0,00|0,0000|||0,00|06|0,00|0,0000|||0,00||
|C100|1|0|98995952849|55|00|1|6950|29171211053630000140550010000069501000069500|29122017|29122017|352,00|1|0,00|0,00|352,00|0|0,00|0,00|352,00|0,00|0,00|0,00|0,00|0,00|0,00|0,00|0,00|0,00|
|C170|1|131|ROLAMENTO 32206A|1,00000|PC|65,00|0,00|0|060|5405|5405|0,00|12,00|0,00|0,00|0,00|0,00|0|||0,00|0,00|0,00|06|0,00|0,0000|||0,00|06|0,00|0,0000|||0,00||
|C170|2|143|ROLAMENTO 30207A|1,00000|PC|56,00|0,00|0|060|5405|5405|0,00|12,00|0,00|0,00|0,00|0,00|0|||0,00|0,00|0,00|06|0,00|0,0000|||0,00|06|0,00|0,0000|||0,00||
|C170|3|1137|MOLA DE COMPRESSAO|1,00000|PC|56,00|0,00|0|060|5405|5405|0,00|12,00|0,00|0,00|0,00|0,00|0|||0,00|0,00|0,00|06|0,00|0,0000|||0,00|06|0,00|0,0000|||0,00||
|C170|4|5174|INTERRUPTOR PARTIDA - 82296900|1,00000|PC|175,00|0,00|0|060|5405|5405|0,00|12,00|0,00|0,00|0,00|0,00|0|||0,00|0,00|0,00|06|0,00|0,0000|||0,00|06|0,00|0,0000|||0,00||
|C100|1|0|77526996400|55|00|1|6951|29171211053630000140550010000069511000069516|29122017|29122017|150,00|1|3,60|0,00|153,60|0|0,00|0,00|153,60|0,00|0,00|0,00|0,00|0,00|0,00|0,00|0,00|0,00|
|C170|1|720|POLIA ESTICADORA|1,00000|PC|149,41|3,59|0|060|5405|5405|0,00|12,00|0,00|0,00|0,00|0,00|0|||0,00|0,00|0,00|06|0,00|0,0000|||0,00|06|0,00|0,0000|||0,00||
|C170|2|1630|ANEL DE RETENCAO|1,00000|PC|0,59|0,01|0|060|5405|5405|0,00|12,00|0,00|0,00|0,00|0,00|0|||0,00|0,00|0,00|06|0,00|0,0000|||0,00|06|0,00|0,0000|||0,00||
|C100|1|0|63627396553|55|00|1|6952|29171211053630000140550010000069521000069521|29122017|29122017|2520,00|1|687,30|0,00|3207,30|0|0,00|0,00|3207,30|0,00|0,00|0,00|0,00|0,00|0,00|0,00|0,00|0,00|
|C170|1|369|ANEL|2,00000|PC|0,79|0,21|0|060|5405|5405|0,00|12,00|0,00|0,00|0,00|0,00|0|||0,00|0,00|0,00|06|0,00|0,0000|||0,00|06|0,00|0,0000|||0,00||
|C170|2|372|ANEL JACTO|2,00000|PC|0,63|0,17|0|060|5405|5405|0,00|12,00|0,00|0,00|0,00|0,00|0|||0,00|0,00|0,00|06|0,00|0,0000|||0,00|06|0,00|0,0000|||0,00||
|C170|3|717|ANEL ESPACADOR|10,00000|PC|3,93|1,07|0|060|5405|5405|0,00|12,00|0,00|0,00|0,00|0,00|0|||0,00|0,00|0,00|06|0,00|0,0000|||0,00|06|0,00|0,0000|||0,00||
|C170|4|746|PORCA CONICA 1/2|6,00000|PC|4,71|1,29|0|060|5405|5405|0,00|12,00|0,00|0,00|0,00|0,00|0|||0,00|0,00|0,00|06|0,00|0,0000|||0,00|06|0,00|0,0000|||0,00||
|C170|5|1202|ENCOSTO DO NUCLEO|2,00000|PC|2,36|0,64|0|060|5405|5405|0,00|12,00|0,00|0,00|0,00|0,00|0|||0,00|0,00|0,00|06|0,00|0,0000|||0,00|06|0,00|0,0000|||0,00||
|C170|6|1313|COTOVELO 1.1/4|1,00000|PC|61,29|16,71|0|060|5405|5405|0,00|12,00|0,00|0,00|0,00|0,00|0|||0,00|0,00|0,00|06|0,00|0,0000|||0,00|06|0,00|0,0000|||0,00||
|C170|7|1388|MANCAL FLANGE|1,00000|PC|206,64|56,36|0|060|5405|5405|0,00|12,00|0,00|0,00|0,00|0,00|0|||0,00|0,00|0,00|06|0,00|0,0000|||0,00|06|0,00|0,0000|||0,00||
|C170|8|1389|ROLAMENTO AUTO COMPENSADOR|1,00000|PC|335,50|91,50|0|060|5405|5405|0,00|12,00|0,00|0,00|0,00|0,00|0|||0,00|0,00|0,00|06|0,00|0,0000|||0,00|06|0,00|0,0000|||0,00||
|C170|9|1678|PARAFUSO DO CUBO|6,00000|PC|7,07|1,93|0|060|5405|5405|0,00|12,00|0,00|0,00|0,00|0,00|0|||0,00|0,00|0,00|06|0,00|0,0000|||0,00|06|0,00|0,0000|||0,00||
|C170|10|1861|CORREIA|12,00000|PC|537,42|146,58|0|060|5405|5405|0,00|12,00|0,00|0,00|0,00|0,00|0|||0,00|0,00|0,00|06|0,00|0,0000|||0,00|06|0,00|0,0000|||0,00||
|C170|11|2427|ANEL|1,00000|PC|0,39|0,11|0|060|5405|5405|0,00|12,00|0,00|0,00|0,00|0,00|0|||0,00|0,00|0,00|06|0,00|0,0000|||0,00|06|0,00|0,0000|||0,00||
|C170|12|3146|LUBRAX THF11 20L|1,00000|BD|223,93|61,07|0|060|5405|5405|0,00|12,00|0,00|0,00|0,00|0,00|0|||0,00|0,00|0,00|06|0,00|0,0000|||0,00|06|0,00|0,0000|||0,00||
|C170|13|3743|PARAFUSO 82128300 - VALMET|4,00000|PC|9,43|2,57|0|060|5405|5405|0,00|12,00|0,00|0,00|0,00|0,00|0|||0,00|0,00|0,00|06|0,00|0,0000|||0,00|06|0,00|0,0000|||0,00||
|C170|14|3874|INDUZIDO WAPSA|1,00000|UND|906,71|247,29|0|060|5405|5405|0,00|12,00|0,00|0,00|0,00|0,00|0|||0,00|0,00|0,00|06|0,00|0,0000|||0,00|06|0,00|0,0000|||0,00||
|C170|15|4262|PORTA ESCOVA|1,00000|UND|96,64|26,36|0|060|5405|5405|0,00|12,00|0,00|0,00|0,00|0,00|0|||0,00|0,00|0,00|06|0,00|0,0000|||0,00|06|0,00|0,0000|||0,00||
|C170|16|4908|DISCO CERAMICA N4 - M124|10,00000|UND|47,14|12,86|0|060|5405|5405|0,00|12,00|0,00|0,00|0,00|0,00|0|||0,00|0,00|0,00|06|0,00|0,0000|||0,00|06|0,00|0,0000|||0,00||
|C170|17|4911|CARACOL CERAMICA N45 4F - M138|10,00000|UND|47,14|12,86|0|060|5405|5405|0,00|12,00|0,00|0,00|0,00|0,00|0|||0,00|0,00|0,00|06|0,00|0,0000|||0,00|06|0,00|0,0000|||0,00||
|C170|18|4912|PORCA - M218|10,00000|UND|23,57|6,43|0|060|5405|5405|0,00|12,00|0,00|0,00|0,00|0,00|0|||0,00|0,00|0,00|06|0,00|0,0000|||0,00|06|0,00|0,0000|||0,00||
|C170|19|5866|PORCA RODA  80693600 - VALMET|4,00000|PC|4,71|1,29|0|060|5405|5405|0,00|12,00|0,00|0,00|0,00|0,00|0|||0,00|0,00|0,00|06|0,00|0,0000|||0,00|06|0,00|0,0000|||0,00||
|C100|1|0|91108918549|55|00|1|6953|29171211053630000140550010000069531000069537|29122017|29122017|6000,00|1|967,55|0,00|6967,55|0|0,00|0,00|6967,55|0,00|0,00|0,00|0,00|0,00|0,00|0,00|0,00|0,00|
|C170|1|50|CALCO|1,00000|PC|6,03|0,97|0|060|5405|5405|0,00|12,00|0,00|0,00|0,00|0,00|0|||0,00|0,00|0,00|06|0,00|0,0000|||0,00|06|0,00|0,0000|||0,00||
|C170|2|66|MOLA|1,00000|PC|31,00|5,00|0|060|5405|5405|0,00|12,00|0,00|0,00|0,00|0,00|0|||0,00|0,00|0,00|06|0,00|0,0000|||0,00|06|0,00|0,0000|||0,00||
|C170|3|98|NUCLEO|1,00000|PC|105,92|17,08|0|060|5405|5405|0,00|12,00|0,00|0,00|0,00|0,00|0|||0,00|0,00|0,00|06|0,00|0,0000|||0,00|06|0,00|0,0000|||0,00||
|C170|4|100|ANEL DO MANCAL TRAÇÃO|1,00000|PC|12,92|2,08|0|060|5405|5405|0,00|12,00|0,00|0,00|0,00|0,00|0|||0,00|0,00|0,00|06|0,00|0,0000|||0,00|06|0,00|0,0000|||0,00||
|C170|5|201|TAMPAO - 85388100|4,00000|PC|27,56|4,44|0|060|5405|5405|0,00|12,00|0,00|0,00|0,00|0,00|0|||0,00|0,00|0,00|06|0,00|0,0000|||0,00|06|0,00|0,0000|||0,00||
|C170|6|237|PINO ENGATE RAPIDO|1,00000|PC|6,89|1,11|0|060|5405|5405|0,00|12,00|0,00|0,00|0,00|0,00|0|||0,00|0,00|0,00|06|0,00|0,0000|||0,00|06|0,00|0,0000|||0,00||
|C170|7|299|PARAFUSO ALAV. EMBREAGEM|3,00000|PC|12,92|2,08|0|060|5405|5405|0,00|12,00|0,00|0,00|0,00|0,00|0|||0,00|0,00|0,00|06|0,00|0,0000|||0,00|06|0,00|0,0000|||0,00||
|C170|8|328|ALAVANCA|1,00000|PC|27,56|4,44|0|060|5405|5405|0,00|12,00|0,00|0,00|0,00|0,00|0|||0,00|0,00|0,00|06|0,00|0,0000|||0,00|06|0,00|0,0000|||0,00||
|C170|9|332|ALAVANCA|1,00000|PC|21,53|3,47|0|060|5405|5405|0,00|12,00|0,00|0,00|0,00|0,00|0|||0,00|0,00|0,00|06|0,00|0,0000|||0,00|06|0,00|0,0000|||0,00||
|C170|10|332|ALAVANCA|1,00000|PC|21,53|3,47|0|060|5405|5405|0,00|12,00|0,00|0,00|0,00|0,00|0|||0,00|0,00|0,00|06|0,00|0,0000|||0,00|06|0,00|0,0000|||0,00||
|C170|11|332|ALAVANCA|1,00000|PC|21,53|3,47|0|060|5405|5405|0,00|12,00|0,00|0,00|0,00|0,00|0|||0,00|0,00|0,00|06|0,00|0,0000|||0,00|06|0,00|0,0000|||0,00||
|C170|12|336|ENCOSTO|2,00000|PC|1,72|0,28|0|060|5405|5405|0,00|12,00|0,00|0,00|0,00|0,00|0|||0,00|0,00|0,00|06|0,00|0,0000|||0,00|06|0,00|0,0000|||0,00||
|C170|13|336|ENCOSTO|2,00000|PC|1,72|0,28|0|060|5405|5405|0,00|12,00|0,00|0,00|0,00|0,00|0|||0,00|0,00|0,00|06|0,00|0,0000|||0,00|06|0,00|0,0000|||0,00||
|C170|14|345| CALCO|1,00000|PC|16,36|2,64|0|060|5405|5405|0,00|12,00|0,00|0,00|0,00|0,00|0|||0,00|0,00|0,00|06|0,00|0,0000|||0,00|06|0,00|0,0000|||0,00||
|C170|15|369|ANEL|1,00000|PC|0,43|0,07|0|060|5405|5405|0,00|12,00|0,00|0,00|0,00|0,00|0|||0,00|0,00|0,00|06|0,00|0,0000|||0,00|06|0,00|0,0000|||0,00||
|C170|16|369|ANEL|1,00000|PC|0,43|0,07|0|060|5405|5405|0,00|12,00|0,00|0,00|0,00|0,00|0|||0,00|0,00|0,00|06|0,00|0,0000|||0,00|06|0,00|0,0000|||0,00||
|C170|17|372|ANEL JACTO|1,00000|PC|0,34|0,06|0|060|5405|5405|0,00|12,00|0,00|0,00|0,00|0,00|0|||0,00|0,00|0,00|06|0,00|0,0000|||0,00|06|0,00|0,0000|||0,00||
|C170|18|376|ANEL JACTO|1,00000|PC|5,17|0,83|0|060|5405|5405|0,00|12,00|0,00|0,00|0,00|0,00|0|||0,00|0,00|0,00|06|0,00|0,0000|||0,00|06|0,00|0,0000|||0,00||
|C170|19|379|ANEL DE VEDACAO|1,00000|PC|0,26|0,04|0|060|5405|5405|0,00|12,00|0,00|0,00|0,00|0,00|0|||0,00|0,00|0,00|06|0,00|0,0000|||0,00|06|0,00|0,0000|||0,00||
|C170|20|379|ANEL DE VEDACAO|1,00000|PC|0,26|0,04|0|060|5405|5405|0,00|12,00|0,00|0,00|0,00|0,00|0|||0,00|0,00|0,00|06|0,00|0,0000|||0,00|06|0,00|0,0000|||0,00||
|C170|21|380|SUPLEMENTO P MANOMETRO|1,00000|PC|21,53|3,47|0|060|5405|5405|0,00|12,00|0,00|0,00|0,00|0,00|0|||0,00|0,00|0,00|06|0,00|0,0000|||0,00|06|0,00|0,0000|||0,00||
|C170|22|459|CUBO ENTALHADO C PINO|1,00000|PC|331,54|53,46|0|060|5405|5405|0,00|12,00|0,00|0,00|0,00|0,00|0|||0,00|0,00|0,00|06|0,00|0,0000|||0,00|06|0,00|0,0000|||0,00||
|C170|23|472|CUPILHA 5 / 32 X 2.1 / 2|4,00000|PC|2,24|0,36|0|060|5405|5405|0,00|12,00|0,00|0,00|0,00|0,00|0|||0,00|0,00|0,00|06|0,00|0,0000|||0,00|06|0,00|0,0000|||0,00||
|C170|24|475|CUPILHA 5/32 - JE3108|5,00000|PC|2,15|0,35|0|060|5405|5405|0,00|12,00|0,00|0,00|0,00|0,00|0|||0,00|0,00|0,00|06|0,00|0,0000|||0,00|06|0,00|0,0000|||0,00||
|C170|25|495|INTERRUPTOR DE PARTIDA|2,00000|PC|118,84|19,16|0|060|5405|5405|0,00|12,00|0,00|0,00|0,00|0,00|0|||0,00|0,00|0,00|06|0,00|0,0000|||0,00|06|0,00|0,0000|||0,00||
|C170|26|517|ASSENTO E ANEL DE VEDACAO|2,00000|PC|22,39|3,61|0|060|5405|5405|0,00|12,00|0,00|0,00|0,00|0,00|0|||0,00|0,00|0,00|06|0,00|0,0000|||0,00|06|0,00|0,0000|||0,00||
|C170|27|593|GAXETA|1,00000|PC|17,22|2,78|0|060|5405|5405|0,00|12,00|0,00|0,00|0,00|0,00|0|||0,00|0,00|0,00|06|0,00|0,0000|||0,00|06|0,00|0,0000|||0,00||
|C170|28|629|REGISTRO DE AGULHA|1,00000|PC|39,61|6,39|0|060|5405|5405|0,00|12,00|0,00|0,00|0,00|0,00|0|||0,00|0,00|0,00|06|0,00|0,0000|||0,00|06|0,00|0,0000|||0,00||
|C170|29|660|ARRUELA DE 5X16|2,00000|PC|1,72|0,28|0|060|5405|5405|0,00|12,00|0,00|0,00|0,00|0,00|0|||0,00|0,00|0,00|06|0,00|0,0000|||0,00|06|0,00|0,0000|||0,00||
|C170|30|668|ARRUELA DE PRESSAO|1,00000|PC|0,43|0,07|0|060|5405|5405|0,00|12,00|0,00|0,00|0,00|0,00|0|||0,00|0,00|0,00|06|0,00|0,0000|||0,00|06|0,00|0,0000|||0,00||
|C170|31|695|TAMPA  RADIADOR - 589360|1,00000|PC|6,89|1,11|0|060|5405|5405|0,00|12,00|0,00|0,00|0,00|0,00|0|||0,00|0,00|0,00|06|0,00|0,0000|||0,00|06|0,00|0,0000|||0,00||
|C170|32|713|ARRUELA LISA|1,00000|PC|0,43|0,07|0|060|5405|5405|0,00|12,00|0,00|0,00|0,00|0,00|0|||0,00|0,00|0,00|06|0,00|0,0000|||0,00|06|0,00|0,0000|||0,00||
|C170|33|745|CORREIA 3VX-0450|5,00000|PC|223,90|36,10|0|060|5405|5405|0,00|12,00|0,00|0,00|0,00|0,00|0|||0,00|0,00|0,00|06|0,00|0,0000|||0,00|06|0,00|0,0000|||0,00||
|C170|34|769|BUJAO MB-42|1,00000|PC|9,47|1,53|0|060|5405|5405|0,00|12,00|0,00|0,00|0,00|0,00|0|||0,00|0,00|0,00|06|0,00|0,0000|||0,00|06|0,00|0,0000|||0,00||
|C170|35|890|PARAFUSO ARMACAO DIANTEIRA|1,00000|PC|4,31|0,69|0|060|5405|5405|0,00|12,00|0,00|0,00|0,00|0,00|0|||0,00|0,00|0,00|06|0,00|0,0000|||0,00|06|0,00|0,0000|||0,00||
|C170|36|925|PORCA DO PLATO|3,00000|PC|0,52|0,08|0|060|5405|5405|0,00|12,00|0,00|0,00|0,00|0,00|0|||0,00|0,00|0,00|06|0,00|0,0000|||0,00|06|0,00|0,0000|||0,00||
|C170|37|963|MANGUEIRA  1/2  SANSUY|36,00000|MT|372,01|59,99|0|060|5405|5405|0,00|12,00|0,00|0,00|0,00|0,00|0|||0,00|0,00|0,00|06|0,00|0,0000|||0,00|06|0,00|0,0000|||0,00||
|C170|38|1018|ARRUELA LISA 5/8|1,00000|UND|0,22|0,03|0|060|5405|5405|0,00|12,00|0,00|0,00|0,00|0,00|0|||0,00|0,00|0,00|06|0,00|0,0000|||0,00|06|0,00|0,0000|||0,00||
|C170|39|1059|PINO TRAVA ( 7/16X2 )|1,00000|PC|3,44|0,56|0|060|5405|5405|0,00|12,00|0,00|0,00|0,00|0,00|0|||0,00|0,00|0,00|06|0,00|0,0000|||0,00|06|0,00|0,0000|||0,00||
|C170|40|1061|PINO TRAVA  9MM - 587030|2,00000|PC|5,17|0,83|0|060|5405|5405|0,00|12,00|0,00|0,00|0,00|0,00|0|||0,00|0,00|0,00|06|0,00|0,0000|||0,00|06|0,00|0,0000|||0,00||
|C170|41|1205|CORPO DO SUPORTE|2,00000|PC|18,94|3,06|0|060|5405|5405|0,00|12,00|0,00|0,00|0,00|0,00|0|||0,00|0,00|0,00|06|0,00|0,0000|||0,00|06|0,00|0,0000|||0,00||
|C170|42|1210|POLIA ESTICADORA|1,00000|PC|10,33|1,67|0|060|5405|5405|0,00|12,00|0,00|0,00|0,00|0,00|0|||0,00|0,00|0,00|06|0,00|0,0000|||0,00|06|0,00|0,0000|||0,00||
|C170|43|1218|PALHETA REGULAVEL|2,00000|PC|191,17|30,83|0|060|5405|5405|0,00|12,00|0,00|0,00|0,00|0,00|0|||0,00|0,00|0,00|06|0,00|0,0000|||0,00|06|0,00|0,0000|||0,00||
|C170|44|1234|FILTRO - M506/5|1,00000|PC|81,81|13,19|0|060|5405|5405|0,00|12,00|0,00|0,00|0,00|0,00|0|||0,00|0,00|0,00|06|0,00|0,0000|||0,00|06|0,00|0,0000|||0,00||
|C170|45|1234|FILTRO - M506/5|1,00000|PC|81,81|13,19|0|060|5405|5405|0,00|12,00|0,00|0,00|0,00|0,00|0|||0,00|0,00|0,00|06|0,00|0,0000|||0,00|06|0,00|0,0000|||0,00||
|C170|46|1386|BUCHA|2,00000|PC|8,61|1,39|0|060|5405|5405|0,00|12,00|0,00|0,00|0,00|0,00|0|||0,00|0,00|0,00|06|0,00|0,0000|||0,00|06|0,00|0,0000|||0,00||
|C170|47|1387|VEDACAO|2,00000|PC|15,50|2,50|0|060|5405|5405|0,00|12,00|0,00|0,00|0,00|0,00|0|||0,00|0,00|0,00|06|0,00|0,0000|||0,00|06|0,00|0,0000|||0,00||
|C170|48|1390|PORCA DE ACO|1,00000|PC|1,29|0,21|0|060|5405|5405|0,00|12,00|0,00|0,00|0,00|0,00|0|||0,00|0,00|0,00|06|0,00|0,0000|||0,00|06|0,00|0,0000|||0,00||
|C170|49|1393|DISCO 70|1,00000|PC|17,22|2,78|0|060|5405|5405|0,00|12,00|0,00|0,00|0,00|0,00|0|||0,00|0,00|0,00|06|0,00|0,0000|||0,00|06|0,00|0,0000|||0,00||
|C170|50|1394|CUBO DE ENGATE|1,00000|PC|190,31|30,69|0|060|5405|5405|0,00|12,00|0,00|0,00|0,00|0,00|0|||0,00|0,00|0,00|06|0,00|0,0000|||0,00|06|0,00|0,0000|||0,00||
|C170|51|1398|ARRUELA GUIA|1,00000|PC|17,22|2,78|0|060|5405|5405|0,00|12,00|0,00|0,00|0,00|0,00|0|||0,00|0,00|0,00|06|0,00|0,0000|||0,00|06|0,00|0,0000|||0,00||
|C170|52|1415|ABRACADEIRA LARGA 22X32 ( 423814)|1,00000|PC|4,31|0,69|0|060|5405|5405|0,00|12,00|0,00|0,00|0,00|0,00|0|||0,00|0,00|0,00|06|0,00|0,0000|||0,00|06|0,00|0,0000|||0,00||
|C170|53|1415|ABRACADEIRA LARGA 22X32 ( 423814)|2,00000|PC|8,61|1,39|0|060|5405|5405|0,00|12,00|0,00|0,00|0,00|0,00|0|||0,00|0,00|0,00|06|0,00|0,0000|||0,00|06|0,00|0,0000|||0,00||
|C170|54|1419|ABRACADEIRA LARGA 25X35 ( 330969 )|2,00000|PC|8,61|1,39|0|060|5405|5405|0,00|12,00|0,00|0,00|0,00|0,00|0|||0,00|0,00|0,00|06|0,00|0,0000|||0,00|06|0,00|0,0000|||0,00||
|C170|55|1419|ABRACADEIRA LARGA 25X35 ( 330969 )|7,00000|PC|30,14|4,86|0|060|5405|5405|0,00|12,00|0,00|0,00|0,00|0,00|0|||0,00|0,00|0,00|06|0,00|0,0000|||0,00|06|0,00|0,0000|||0,00||
|C170|56|1424|ABRACADEIRA LARGA 51X64 ( 490804 )|5,00000|PC|21,53|3,47|0|060|5405|5405|0,00|12,00|0,00|0,00|0,00|0,00|0|||0,00|0,00|0,00|06|0,00|0,0000|||0,00|06|0,00|0,0000|||0,00||
|C170|57|1552|ABRACADEIRA PLASTICA 20CM|10,00000|PC|4,31|0,69|0|060|5405|5405|0,00|12,00|0,00|0,00|0,00|0,00|0|||0,00|0,00|0,00|06|0,00|0,0000|||0,00|06|0,00|0,0000|||0,00||
|C170|58|1633|PORCA CASTELO 1.1/8|1,00000|PC|17,22|2,78|0|060|5405|5405|0,00|12,00|0,00|0,00|0,00|0,00|0|||0,00|0,00|0,00|06|0,00|0,0000|||0,00|06|0,00|0,0000|||0,00||
|C170|59|1679|ARRUELA|1,00000|PC|5,17|0,83|0|060|5405|5405|0,00|12,00|0,00|0,00|0,00|0,00|0|||0,00|0,00|0,00|06|0,00|0,0000|||0,00|06|0,00|0,0000|||0,00||
|C170|60|1797|CORREIA HY T 3VX600|9,00000|PC|410,76|66,24|0|060|5405|5405|0,00|12,00|0,00|0,00|0,00|0,00|0|||0,00|0,00|0,00|06|0,00|0,0000|||0,00|06|0,00|0,0000|||0,00||
|C170|61|1861|CORREIA|9,00000|PC|441,76|71,24|0|060|5405|5405|0,00|12,00|0,00|0,00|0,00|0,00|0|||0,00|0,00|0,00|06|0,00|0,0000|||0,00|06|0,00|0,0000|||0,00||
|C170|62|1898|BUCHA ESPACADORA|13,00000|PC|156,73|25,27|0|060|5405|5405|0,00|12,00|0,00|0,00|0,00|0,00|0|||0,00|0,00|0,00|06|0,00|0,0000|||0,00|06|0,00|0,0000|||0,00||
|C170|63|1901|CORREIA B42|2,00000|PC|94,72|15,28|0|060|5405|5405|0,00|12,00|0,00|0,00|0,00|0,00|0|||0,00|0,00|0,00|06|0,00|0,0000|||0,00|06|0,00|0,0000|||0,00||
|C170|64|1994|ARTICULACAO DAS BARRAS|1,00000|PC|108,50|17,50|0|060|5405|5405|0,00|12,00|0,00|0,00|0,00|0,00|0|||0,00|0,00|0,00|06|0,00|0,0000|||0,00|06|0,00|0,0000|||0,00||
|C170|65|2064|ANEL DE VEDACAO|1,00000|PC|0,86|0,14|0|060|5405|5405|0,00|12,00|0,00|0,00|0,00|0,00|0|||0,00|0,00|0,00|06|0,00|0,0000|||0,00|06|0,00|0,0000|||0,00||
|C170|66|2064|ANEL DE VEDACAO|2,00000|PC|1,72|0,28|0|060|5405|5405|0,00|12,00|0,00|0,00|0,00|0,00|0|||0,00|0,00|0,00|06|0,00|0,0000|||0,00|06|0,00|0,0000|||0,00||
|C170|67|2109|VEDACAO|1,00000|PC|1,29|0,21|0|060|5405|5405|0,00|12,00|0,00|0,00|0,00|0,00|0|||0,00|0,00|0,00|06|0,00|0,0000|||0,00|06|0,00|0,0000|||0,00||
|C170|68|2111|CLIP P/MANGUEIRA|3,00000|PC|5,17|0,83|0|060|5405|5405|0,00|12,00|0,00|0,00|0,00|0,00|0|||0,00|0,00|0,00|06|0,00|0,0000|||0,00|06|0,00|0,0000|||0,00||
|C170|69|2178|ABRACADEIRA ( 14X22 ) 107664|2,00000|PC|3,44|0,56|0|060|5405|5405|0,00|12,00|0,00|0,00|0,00|0,00|0|||0,00|0,00|0,00|06|0,00|0,0000|||0,00|06|0,00|0,0000|||0,00||
|C170|70|2179|ABRACADEIRA ( 12X16 ) 063370|4,00000|PC|6,89|1,11|0|060|5405|5405|0,00|12,00|0,00|0,00|0,00|0,00|0|||0,00|0,00|0,00|06|0,00|0,0000|||0,00|06|0,00|0,0000|||0,00||
|C170|71|2260|BOIA|1,00000|PC|6,03|0,97|0|060|5405|5405|0,00|12,00|0,00|0,00|0,00|0,00|0|||0,00|0,00|0,00|06|0,00|0,0000|||0,00|06|0,00|0,0000|||0,00||
|C170|72|2325|CABECOTE|1,00000|PC|231,65|37,35|0|060|5405|5405|0,00|12,00|0,00|0,00|0,00|0,00|0|||0,00|0,00|0,00|06|0,00|0,0000|||0,00|06|0,00|0,0000|||0,00||
|C170|73|2371|ANEL SILICONE|1,00000|PC|0,86|0,14|0|060|5405|5405|0,00|12,00|0,00|0,00|0,00|0,00|0|||0,00|0,00|0,00|06|0,00|0,0000|||0,00|06|0,00|0,0000|||0,00||
|C170|74|2427|ANEL|1,00000|PC|0,43|0,07|0|060|5405|5405|0,00|12,00|0,00|0,00|0,00|0,00|0|||0,00|0,00|0,00|06|0,00|0,0000|||0,00|06|0,00|0,0000|||0,00||
|C170|75|2510|PORCA 355565|2,00000|PC|0,95|0,15|0|060|5405|5405|0,00|12,00|0,00|0,00|0,00|0,00|0|||0,00|0,00|0,00|06|0,00|0,0000|||0,00|06|0,00|0,0000|||0,00||
|C170|76|2549|COTOVELO 3/4 X 1/2|3,00000|PC|20,67|3,33|0|060|5405|5405|0,00|12,00|0,00|0,00|0,00|0,00|0|||0,00|0,00|0,00|06|0,00|0,0000|||0,00|06|0,00|0,0000|||0,00||
|C170|77|2620|PINO ENGATE SEM ARGOLA|1,00000|PC|22,39|3,61|0|060|5405|5405|0,00|12,00|0,00|0,00|0,00|0,00|0|||0,00|0,00|0,00|06|0,00|0,0000|||0,00|06|0,00|0,0000|||0,00||
|C170|78|2699|ANEL|1,00000|PC|0,43|0,07|0|060|5405|5405|0,00|12,00|0,00|0,00|0,00|0,00|0|||0,00|0,00|0,00|06|0,00|0,0000|||0,00|06|0,00|0,0000|||0,00||
|C170|79|2700|ARRUELA LISA - 707570|1,00000|PC|0,86|0,14|0|060|5405|5405|0,00|12,00|0,00|0,00|0,00|0,00|0|||0,00|0,00|0,00|06|0,00|0,0000|||0,00|06|0,00|0,0000|||0,00||
|C170|80|2706|SEDE VALVULA|1,00000|PC|4,31|0,69|0|060|5405|5405|0,00|12,00|0,00|0,00|0,00|0,00|0|||0,00|0,00|0,00|06|0,00|0,0000|||0,00|06|0,00|0,0000|||0,00||
|C170|81|2756|ANEL DE VEDACAO|1,00000|PC|112,81|18,19|0|060|5405|5405|0,00|12,00|0,00|0,00|0,00|0,00|0|||0,00|0,00|0,00|06|0,00|0,0000|||0,00|06|0,00|0,0000|||0,00||
|C170|82|2771|DESINGRIPANTE 300ML|1,00000|PC|9,47|1,53|0|060|5405|5405|0,00|12,00|0,00|0,00|0,00|0,00|0|||0,00|0,00|0,00|06|0,00|0,0000|||0,00|06|0,00|0,0000|||0,00||
|C170|83|2820|PARAFUSO|2,00000|PC|3,44|0,56|0|060|5405|5405|0,00|12,00|0,00|0,00|0,00|0,00|0|||0,00|0,00|0,00|06|0,00|0,0000|||0,00|06|0,00|0,0000|||0,00||
|C170|84|3140|JUNTA|1,00000|PC|6,89|1,11|0|060|5405|5405|0,00|12,00|0,00|0,00|0,00|0,00|0|||0,00|0,00|0,00|06|0,00|0,0000|||0,00|06|0,00|0,0000|||0,00||
|C170|85|3140|JUNTA|1,00000|PC|6,89|1,11|0|060|5405|5405|0,00|12,00|0,00|0,00|0,00|0,00|0|||0,00|0,00|0,00|06|0,00|0,0000|||0,00|06|0,00|0,0000|||0,00||
|C170|86|3334|PARAFUSO 3/8 X 1/2|1,00000|PC|0,43|0,07|0|060|5405|5405|0,00|12,00|0,00|0,00|0,00|0,00|0|||0,00|0,00|0,00|06|0,00|0,0000|||0,00|06|0,00|0,0000|||0,00||
|C170|87|3334|PARAFUSO 3/8 X 1/2|1,00000|PC|0,43|0,07|0|060|5405|5405|0,00|12,00|0,00|0,00|0,00|0,00|0|||0,00|0,00|0,00|06|0,00|0,0000|||0,00|06|0,00|0,0000|||0,00||
|C170|88|3335|VEDACAO 5 X 15 X 1370|1,00000|PC|6,89|1,11|0|060|5405|5405|0,00|12,00|0,00|0,00|0,00|0,00|0|||0,00|0,00|0,00|06|0,00|0,0000|||0,00|06|0,00|0,0000|||0,00||
|C170|89|3336|PARAFUSO|2,00000|PC|0,86|0,14|0|060|5405|5405|0,00|12,00|0,00|0,00|0,00|0,00|0|||0,00|0,00|0,00|06|0,00|0,0000|||0,00|06|0,00|0,0000|||0,00||
|C170|90|3517|BUZINA|1,00000|PC|73,20|11,80|0|060|5405|5405|0,00|12,00|0,00|0,00|0,00|0,00|0|||0,00|0,00|0,00|06|0,00|0,0000|||0,00|06|0,00|0,0000|||0,00||
|C170|91|3529|ANEL ELASTICO|1,00000|PC|1,29|0,21|0|060|5405|5405|0,00|12,00|0,00|0,00|0,00|0,00|0|||0,00|0,00|0,00|06|0,00|0,0000|||0,00|06|0,00|0,0000|||0,00||
|C170|92|3631|VALVULA|1,00000|PC|22,39|3,61|0|060|5405|5405|0,00|12,00|0,00|0,00|0,00|0,00|0|||0,00|0,00|0,00|06|0,00|0,0000|||0,00|06|0,00|0,0000|||0,00||
|C170|93|4042|ABRACADEIRA 4,8MM X 390|2,00000|PC|1,72|0,28|0|060|5405|5405|0,00|12,00|0,00|0,00|0,00|0,00|0|||0,00|0,00|0,00|06|0,00|0,0000|||0,00|06|0,00|0,0000|||0,00||
|C170|94|4115|VENTILADOR LATA|1,00000|PC|73,20|11,80|0|060|5405|5405|0,00|12,00|0,00|0,00|0,00|0,00|0|||0,00|0,00|0,00|06|0,00|0,0000|||0,00|06|0,00|0,0000|||0,00||
|C170|95|4858|FILTRO DUPLO - M506/8|1,00000|PC|83,53|13,47|0|060|5405|5405|0,00|12,00|0,00|0,00|0,00|0,00|0|||0,00|0,00|0,00|06|0,00|0,0000|||0,00|06|0,00|0,0000|||0,00||
|C170|96|4858|FILTRO DUPLO - M506/8|1,00000|PC|83,53|13,47|0|060|5405|5405|0,00|12,00|0,00|0,00|0,00|0,00|0|||0,00|0,00|0,00|06|0,00|0,0000|||0,00|06|0,00|0,0000|||0,00||
|C170|97|5053|PROTETOR INTERNO|32,00000|UND|27,56|4,44|0|060|5405|5405|0,00|12,00|0,00|0,00|0,00|0,00|0|||0,00|0,00|0,00|06|0,00|0,0000|||0,00|06|0,00|0,0000|||0,00||
|C170|98|5409|CABO|1,00000|PC|266,93|43,07|0|060|5405|5405|0,00|12,00|0,00|0,00|0,00|0,00|0|||0,00|0,00|0,00|06|0,00|0,0000|||0,00|06|0,00|0,0000|||0,00||
|C170|99|5503|VALVULA JP 150|6,00000|PC|72,34|11,66|0|060|5405|5405|0,00|12,00|0,00|0,00|0,00|0,00|0|||0,00|0,00|0,00|06|0,00|0,0000|||0,00|06|0,00|0,0000|||0,00||
|C170|100|5630|MANOMETRO 1000 LBS - M600/5|1,00000|PC|126,59|20,41|0|060|5405|5405|0,00|12,00|0,00|0,00|0,00|0,00|0|||0,00|0,00|0,00|06|0,00|0,0000|||0,00|06|0,00|0,0000|||0,00||
|C170|101|5667|BOTAO PARTIDA|1,00000|UND|39,61|6,39|0|060|5405|5405|0,00|12,00|0,00|0,00|0,00|0,00|0|||0,00|0,00|0,00|06|0,00|0,0000|||0,00|06|0,00|0,0000|||0,00||
|C170|102|5694|ELEMENTO DUPLO - M506/7|1,00000|UND|35,31|5,69|0|060|5405|5405|0,00|12,00|0,00|0,00|0,00|0,00|0|||0,00|0,00|0,00|06|0,00|0,0000|||0,00|06|0,00|0,0000|||0,00||
|C170|103|5750|TAMPA COM ROSCA|1,00000|PC|28,42|4,58|0|060|5405|5405|0,00|12,00|0,00|0,00|0,00|0,00|0|||0,00|0,00|0,00|06|0,00|0,0000|||0,00|06|0,00|0,0000|||0,00||
|C170|104|5885|MOLA HELIC COMPRESSAO|6,00000|PC|15,50|2,50|0|060|5405|5405|0,00|12,00|0,00|0,00|0,00|0,00|0|||0,00|0,00|0,00|06|0,00|0,0000|||0,00|06|0,00|0,0000|||0,00||
|C170|105|6056|KIT REPARO BOMBA JP 150 - M229|1,00000|UND|106,78|17,22|0|060|5405|5405|0,00|12,00|0,00|0,00|0,00|0,00|0|||0,00|0,00|0,00|06|0,00|0,0000|||0,00|06|0,00|0,0000|||0,00||
|C170|106|6159|TEXACO 40 1LT|3,00000|UND|38,75|6,25|0|060|5405|5405|0,00|12,00|0,00|0,00|0,00|0,00|0|||0,00|0,00|0,00|06|0,00|0,0000|||0,00|06|0,00|0,0000|||0,00||
|C170|107|6365|CORPO DA VALVULA|1,00000|PC|232,51|37,49|0|060|5405|5405|0,00|12,00|0,00|0,00|0,00|0,00|0|||0,00|0,00|0,00|06|0,00|0,0000|||0,00|06|0,00|0,0000|||0,00||
|C170|108|6455|ANEL RESERVATORIO|1,00000|PC|18,94|3,06|0|060|5405|5405|0,00|12,00|0,00|0,00|0,00|0,00|0|||0,00|0,00|0,00|06|0,00|0,0000|||0,00|06|0,00|0,0000|||0,00||
|C170|109|6544|APOIO DA BARRA|4,00000|PC|99,89|16,11|0|060|5405|5405|0,00|12,00|0,00|0,00|0,00|0,00|0|||0,00|0,00|0,00|06|0,00|0,0000|||0,00|06|0,00|0,0000|||0,00||
|C170|110|6646|FAROL AUXILIAR|2,00000|PC|199,78|32,22|0|060|5405|5405|0,00|12,00|0,00|0,00|0,00|0,00|0|||0,00|0,00|0,00|06|0,00|0,0000|||0,00|06|0,00|0,0000|||0,00||
|C170|111|6647|CABO DE ACO LIMITADOR DA BARRA|1,00000|PC|227,34|36,66|0|060|5405|5405|0,00|12,00|0,00|0,00|0,00|0,00|0|||0,00|0,00|0,00|06|0,00|0,0000|||0,00|06|0,00|0,0000|||0,00||
|C170|112|6677|ARRUELA LISA|1,00000|UND|16,36|2,64|0|060|5405|5405|0,00|12,00|0,00|0,00|0,00|0,00|0|||0,00|0,00|0,00|06|0,00|0,0000|||0,00|06|0,00|0,0000|||0,00||
|C170|113|6686|BICO ENAGATE RAPIDO 3/8|2,00000|UND|199,78|32,22|0|060|5405|5405|0,00|12,00|0,00|0,00|0,00|0,00|0|||0,00|0,00|0,00|06|0,00|0,0000|||0,00|06|0,00|0,0000|||0,00||
|C100|1|0|67906702549|55|00|1|6954|29171211053630000140550010000069541000069542|29122017|29122017|11000,00|1|0,00|0,00|11000,00|0|0,00|0,00|11000,00|0,00|0,00|0,00|0,00|0,00|0,00|0,00|0,00|0,00|
|C170|1|6532|CARRETA C/G4,0M/ 4,00 X 1,90 X 0,90M|1,00000|UND|11000,00|0,00|0|060|5405|5405|0,00|12,00|0,00|0,00|0,00|0,00|0|||0,00|0,00|0,00|06|0,00|0,0000|||0,00|06|0,00|0,0000|||0,00||
|C100|1|0|05805773503|55|00|1|6955|29171211053630000140550010000069551000069558|29122017|29122017|1250,00|1|312,00|0,00|1562,00|0|0,00|0,00|1562,00|0,00|0,00|0,00|0,00|0,00|0,00|0,00|0,00|0,00|
|C170|1|752|PORCA DA RODA TRASEIRA|4,00000|PC|6,40|1,60|0|060|5405|5405|0,00|12,00|0,00|0,00|0,00|0,00|0|||0,00|0,00|0,00|06|0,00|0,0000|||0,00|06|0,00|0,0000|||0,00||
|C170|2|1122|JOGO DE REPARO CILINDRO DO ARADO|1,00000|PC|22,41|5,59|0|060|5405|5405|0,00|12,00|0,00|0,00|0,00|0,00|0|||0,00|0,00|0,00|06|0,00|0,0000|||0,00|06|0,00|0,0000|||0,00||
|C170|3|1547|TRAVA DA PORCA DO EIXO|2,00000|PC|33,61|8,39|0|060|5405|5405|0,00|12,00|0,00|0,00|0,00|0,00|0|||0,00|0,00|0,00|06|0,00|0,0000|||0,00|06|0,00|0,0000|||0,00||
|C170|4|1659|COMANDO DO FREIO|1,00000|PC|272,09|67,91|0|060|5405|5405|0,00|12,00|0,00|0,00|0,00|0,00|0|||0,00|0,00|0,00|06|0,00|0,0000|||0,00|06|0,00|0,0000|||0,00||
|C170|5|2099|BICO SUBSOLADOR REFORCADO|15,00000|PC|588,19|146,81|0|060|5405|5405|0,00|12,00|0,00|0,00|0,00|0,00|0|||0,00|0,00|0,00|06|0,00|0,0000|||0,00|06|0,00|0,0000|||0,00||
|C170|6|2659|RETENTOR - VALMET|1,00000|PC|23,20|5,80|0|060|5405|5405|0,00|12,00|0,00|0,00|0,00|0,00|0|||0,00|0,00|0,00|06|0,00|0,0000|||0,00|06|0,00|0,0000|||0,00||
|C170|7|3358|RETENTOR DUPLO DO FREIO|1,00000|PC|11,20|2,80|0|060|5405|5405|0,00|12,00|0,00|0,00|0,00|0,00|0|||0,00|0,00|0,00|06|0,00|0,0000|||0,00|06|0,00|0,0000|||0,00||
|C170|8|5077|BICO CONEXAO 1.1/4 COM PORCA|1,00000|PC|12,00|3,00|0|060|5405|5405|0,00|12,00|0,00|0,00|0,00|0,00|0|||0,00|0,00|0,00|06|0,00|0,0000|||0,00|06|0,00|0,0000|||0,00||
|C170|9|5352|CILINDRO FREIO|2,00000|PC|204,87|51,13|0|060|5405|5405|0,00|12,00|0,00|0,00|0,00|0,00|0|||0,00|0,00|0,00|06|0,00|0,0000|||0,00|06|0,00|0,0000|||0,00||
|C170|10|5692|CAPA FECHADA|18,00000|UND|50,42|12,58|0|060|5405|5405|0,00|12,00|0,00|0,00|0,00|0,00|0|||0,00|0,00|0,00|06|0,00|0,0000|||0,00|06|0,00|0,0000|||0,00||
|C170|11|6303|TAMPAO BORRACHA TANQUE|1,00000|PC|18,41|4,59|0|060|5405|5405|0,00|12,00|0,00|0,00|0,00|0,00|0|||0,00|0,00|0,00|06|0,00|0,0000|||0,00|06|0,00|0,0000|||0,00||
|C170|12|6352|BICO CONE VAZIO MGA 4 - M056|1,00000|UND|7,20|1,80|0|060|5405|5405|0,00|12,00|0,00|0,00|0,00|0,00|0|||0,00|0,00|0,00|06|0,00|0,0000|||0,00|06|0,00|0,0000|||0,00||
|C100|0|0|04914035421|55|00|1|6956|29171211053630000140550010000069561000069563|29122017|29122017|416,77|2|51,23|0,00|468,00|9|0,00|0,00|468,00|0,00|0,00|0,00|0,00|0,00|0,00|0,00|0,00|0,00|
|C170|1|1123|EIXO DO CUBO|1,00000|PC|416,77|51,23|0|060|2202|2202|0,00|12,00|0,00|0,00|0,00|0,00|0|||0,00|0,00|0,00|73|0,00|0,0000|||0,00|73|0,00|0,0000|||0,00||
|C100|1|0|02542075530|55|00|1|6957|29171211053630000140550010000069571000069579|30122017|30122017|4000,00|1|234,15|0,00|4234,15|0|0,00|0,00|4234,15|0,00|0,00|0,00|0,00|0,00|0,00|0,00|0,00|0,00|
|C170|1|199|PORCA|3,00000|PC|0,43|0,02|0|060|5405|5405|0,00|12,00|0,00|0,00|0,00|0,00|0|||0,00|0,00|0,00|06|0,00|0,0000|||0,00|06|0,00|0,0000|||0,00||
|C170|2|475|CUPILHA 5/32 - JE3108|2,00000|PC|0,94|0,06|0|060|5405|5405|0,00|12,00|0,00|0,00|0,00|0,00|0|||0,00|0,00|0,00|06|0,00|0,0000|||0,00|06|0,00|0,0000|||0,00||
|C170|3|495|INTERRUPTOR DE PARTIDA|1,00000|PC|65,18|3,82|0|060|5405|5405|0,00|12,00|0,00|0,00|0,00|0,00|0|||0,00|0,00|0,00|06|0,00|0,0000|||0,00|06|0,00|0,0000|||0,00||
|C170|4|496|INTERRUPTOR DE LUZ|1,00000|PC|62,35|3,65|0|060|5405|5405|0,00|12,00|0,00|0,00|0,00|0,00|0|||0,00|0,00|0,00|06|0,00|0,0000|||0,00|06|0,00|0,0000|||0,00||
|C170|5|504|REPARO DE DIRECAO|1,00000|PC|42,52|2,48|0|060|5405|5405|0,00|12,00|0,00|0,00|0,00|0,00|0|||0,00|0,00|0,00|06|0,00|0,0000|||0,00|06|0,00|0,0000|||0,00||
|C170|6|660|ARRUELA DE 5X16|4,00000|PC|3,78|0,22|0|060|5405|5405|0,00|12,00|0,00|0,00|0,00|0,00|0|||0,00|0,00|0,00|06|0,00|0,0000|||0,00|06|0,00|0,0000|||0,00||
|C170|7|660|ARRUELA DE 5X16|4,00000|PC|3,78|0,22|0|060|5405|5405|0,00|12,00|0,00|0,00|0,00|0,00|0|||0,00|0,00|0,00|06|0,00|0,0000|||0,00|06|0,00|0,0000|||0,00||
|C170|8|660|ARRUELA DE 5X16|4,00000|PC|3,78|0,22|0|060|5405|5405|0,00|12,00|0,00|0,00|0,00|0,00|0|||0,00|0,00|0,00|06|0,00|0,0000|||0,00|06|0,00|0,0000|||0,00||
|C170|9|660|ARRUELA DE 5X16|2,00000|PC|1,89|0,11|0|060|5405|5405|0,00|12,00|0,00|0,00|0,00|0,00|0|||0,00|0,00|0,00|06|0,00|0,0000|||0,00|06|0,00|0,0000|||0,00||
|C170|10|660|ARRUELA DE 5X16|3,00000|PC|2,83|0,17|0|060|5405|5405|0,00|12,00|0,00|0,00|0,00|0,00|0|||0,00|0,00|0,00|06|0,00|0,0000|||0,00|06|0,00|0,0000|||0,00||
|C170|11|695|TAMPA  RADIADOR - 589360|1,00000|PC|7,56|0,44|0|060|5405|5405|0,00|12,00|0,00|0,00|0,00|0,00|0|||0,00|0,00|0,00|06|0,00|0,0000|||0,00|06|0,00|0,0000|||0,00||
|C170|12|718|ARRUELA LISA 355617|2,00000|PC|0,57|0,03|0|060|5405|5405|0,00|12,00|0,00|0,00|0,00|0,00|0|||0,00|0,00|0,00|06|0,00|0,0000|||0,00|06|0,00|0,0000|||0,00||
|C170|13|718|ARRUELA LISA 355617|8,00000|PC|2,27|0,13|0|060|5405|5405|0,00|12,00|0,00|0,00|0,00|0,00|0|||0,00|0,00|0,00|06|0,00|0,0000|||0,00|06|0,00|0,0000|||0,00||
|C170|14|718|ARRUELA LISA 355617|3,00000|PC|0,85|0,05|0|060|5405|5405|0,00|12,00|0,00|0,00|0,00|0,00|0|||0,00|0,00|0,00|06|0,00|0,0000|||0,00|06|0,00|0,0000|||0,00||
|C170|15|718|ARRUELA LISA 355617|4,00000|PC|1,13|0,07|0|060|5405|5405|0,00|12,00|0,00|0,00|0,00|0,00|0|||0,00|0,00|0,00|06|0,00|0,0000|||0,00|06|0,00|0,0000|||0,00||
|C170|16|718|ARRUELA LISA 355617|8,00000|PC|2,27|0,13|0|060|5405|5405|0,00|12,00|0,00|0,00|0,00|0,00|0|||0,00|0,00|0,00|06|0,00|0,0000|||0,00|06|0,00|0,0000|||0,00||
|C170|17|718|ARRUELA LISA 355617|4,00000|PC|1,13|0,07|0|060|5405|5405|0,00|12,00|0,00|0,00|0,00|0,00|0|||0,00|0,00|0,00|06|0,00|0,0000|||0,00|06|0,00|0,0000|||0,00||
|C170|18|755|PINO 3/4X67MM|2,00000|PC|18,89|1,11|0|060|5405|5405|0,00|12,00|0,00|0,00|0,00|0,00|0|||0,00|0,00|0,00|06|0,00|0,0000|||0,00|06|0,00|0,0000|||0,00||
|C170|19|795|PARAFUSO LATARIA 5/16 X 5/8|2,00000|PC|2,83|0,17|0|060|5405|5405|0,00|12,00|0,00|0,00|0,00|0,00|0|||0,00|0,00|0,00|06|0,00|0,0000|||0,00|06|0,00|0,0000|||0,00||
|C170|20|1041|LAMPADA DO PAINEL|4,00000|PC|9,45|0,55|0|060|5405|5405|0,00|12,00|0,00|0,00|0,00|0,00|0|||0,00|0,00|0,00|06|0,00|0,0000|||0,00|06|0,00|0,0000|||0,00||
|C170|21|1059|PINO TRAVA ( 7/16X2 )|2,00000|PC|7,56|0,44|0|060|5405|5405|0,00|12,00|0,00|0,00|0,00|0,00|0|||0,00|0,00|0,00|06|0,00|0,0000|||0,00|06|0,00|0,0000|||0,00||
|C170|22|1143|ESTOPA 010|1,00000|UND|1,89|0,11|0|060|5405|5405|0,00|12,00|0,00|0,00|0,00|0,00|0|||0,00|0,00|0,00|06|0,00|0,0000|||0,00|06|0,00|0,0000|||0,00||
|C170|23|1143|ESTOPA 010|2,00000|UND|3,78|0,22|0|060|5405|5405|0,00|12,00|0,00|0,00|0,00|0,00|0|||0,00|0,00|0,00|06|0,00|0,0000|||0,00|06|0,00|0,0000|||0,00||
|C170|24|1143|ESTOPA 010|1,00000|UND|1,89|0,11|0|060|5405|5405|0,00|12,00|0,00|0,00|0,00|0,00|0|||0,00|0,00|0,00|06|0,00|0,0000|||0,00|06|0,00|0,0000|||0,00||
|C170|25|1251|FUSIVEL ENCAIXE 20A|5,00000|PC|4,72|0,28|0|060|5405|5405|0,00|12,00|0,00|0,00|0,00|0,00|0|||0,00|0,00|0,00|06|0,00|0,0000|||0,00|06|0,00|0,0000|||0,00||
|C170|26|1293|BUCHA DA COLUNA DIRECAO|1,00000|PC|17,00|1,00|0|060|5405|5405|0,00|12,00|0,00|0,00|0,00|0,00|0|||0,00|0,00|0,00|06|0,00|0,0000|||0,00|06|0,00|0,0000|||0,00||
|C170|27|1326|FAROL TRASEIRO|2,00000|PC|153,04|8,96|0|060|5405|5405|0,00|12,00|0,00|0,00|0,00|0,00|0|||0,00|0,00|0,00|06|0,00|0,0000|||0,00|06|0,00|0,0000|||0,00||
|C170|28|1427|ABRACADEIRA LARGA 83 X 102|1,00000|PC|4,72|0,28|0|060|5405|5405|0,00|12,00|0,00|0,00|0,00|0,00|0|||0,00|0,00|0,00|06|0,00|0,0000|||0,00|06|0,00|0,0000|||0,00||
|C170|29|1525|PORCA|3,00000|PC|17,00|1,00|0|060|5405|5405|0,00|12,00|0,00|0,00|0,00|0,00|0|||0,00|0,00|0,00|06|0,00|0,0000|||0,00|06|0,00|0,0000|||0,00||
|C170|30|1552|ABRACADEIRA PLASTICA 20CM|10,00000|PC|4,72|0,28|0|060|5405|5405|0,00|12,00|0,00|0,00|0,00|0,00|0|||0,00|0,00|0,00|06|0,00|0,0000|||0,00|06|0,00|0,0000|||0,00||
|C170|31|2509|ARRUELA|4,00000|PC|1,89|0,11|0|060|5405|5405|0,00|12,00|0,00|0,00|0,00|0,00|0|||0,00|0,00|0,00|06|0,00|0,0000|||0,00|06|0,00|0,0000|||0,00||
|C170|32|2510|PORCA 355565|4,00000|PC|2,08|0,12|0|060|5405|5405|0,00|12,00|0,00|0,00|0,00|0,00|0|||0,00|0,00|0,00|06|0,00|0,0000|||0,00|06|0,00|0,0000|||0,00||
|C170|33|2510|PORCA 355565|4,00000|PC|2,08|0,12|0|060|5405|5405|0,00|12,00|0,00|0,00|0,00|0,00|0|||0,00|0,00|0,00|06|0,00|0,0000|||0,00|06|0,00|0,0000|||0,00||
|C170|34|2510|PORCA 355565|2,00000|PC|1,04|0,06|0|060|5405|5405|0,00|12,00|0,00|0,00|0,00|0,00|0|||0,00|0,00|0,00|06|0,00|0,0000|||0,00|06|0,00|0,0000|||0,00||
|C170|35|2730|PARAFUSO 1/4 X 3/4|3,00000|PC|1,42|0,08|0|060|5405|5405|0,00|12,00|0,00|0,00|0,00|0,00|0|||0,00|0,00|0,00|06|0,00|0,0000|||0,00|06|0,00|0,0000|||0,00||
|C170|36|2730|PARAFUSO 1/4 X 3/4|4,00000|PC|1,89|0,11|0|060|5405|5405|0,00|12,00|0,00|0,00|0,00|0,00|0|||0,00|0,00|0,00|06|0,00|0,0000|||0,00|06|0,00|0,0000|||0,00||
|C170|37|2771|DESINGRIPANTE 300ML|1,00000|PC|10,39|0,61|0|060|5405|5405|0,00|12,00|0,00|0,00|0,00|0,00|0|||0,00|0,00|0,00|06|0,00|0,0000|||0,00|06|0,00|0,0000|||0,00||
|C170|38|2820|PARAFUSO|4,00000|PC|7,56|0,44|0|060|5405|5405|0,00|12,00|0,00|0,00|0,00|0,00|0|||0,00|0,00|0,00|06|0,00|0,0000|||0,00|06|0,00|0,0000|||0,00||
|C170|39|2820|PARAFUSO|2,00000|PC|3,78|0,22|0|060|5405|5405|0,00|12,00|0,00|0,00|0,00|0,00|0|||0,00|0,00|0,00|06|0,00|0,0000|||0,00|06|0,00|0,0000|||0,00||
|C170|40|2820|PARAFUSO|3,00000|PC|5,67|0,33|0|060|5405|5405|0,00|12,00|0,00|0,00|0,00|0,00|0|||0,00|0,00|0,00|06|0,00|0,0000|||0,00|06|0,00|0,0000|||0,00||
|C170|41|2820|PARAFUSO|4,00000|PC|7,56|0,44|0|060|5405|5405|0,00|12,00|0,00|0,00|0,00|0,00|0|||0,00|0,00|0,00|06|0,00|0,0000|||0,00|06|0,00|0,0000|||0,00||
|C170|42|2820|PARAFUSO|2,00000|PC|3,78|0,22|0|060|5405|5405|0,00|12,00|0,00|0,00|0,00|0,00|0|||0,00|0,00|0,00|06|0,00|0,0000|||0,00|06|0,00|0,0000|||0,00||
|C170|43|3167|TOLDO MF|1,00000|UND|1513,41|88,59|0|060|5405|5405|0,00|12,00|0,00|0,00|0,00|0,00|0|||0,00|0,00|0,00|06|0,00|0,0000|||0,00|06|0,00|0,0000|||0,00||
|C170|44|4255|BUCHA|1,00000|PC|12,28|0,72|0|060|5405|5405|0,00|12,00|0,00|0,00|0,00|0,00|0|||0,00|0,00|0,00|06|0,00|0,0000|||0,00|06|0,00|0,0000|||0,00||
|C170|45|4262|PORTA ESCOVA|1,00000|UND|116,20|6,80|0|060|5405|5405|0,00|12,00|0,00|0,00|0,00|0,00|0|||0,00|0,00|0,00|06|0,00|0,0000|||0,00|06|0,00|0,0000|||0,00||
|C170|46|5668|BUCHA PART MB0016|1,00000|UND|12,28|0,72|0|060|5405|5405|0,00|12,00|0,00|0,00|0,00|0,00|0|||0,00|0,00|0,00|06|0,00|0,0000|||0,00|06|0,00|0,0000|||0,00||
|C170|47|5715|PORTA ESCOVA PARTIDA|1,00000|PC|136,04|7,96|0|060|5405|5405|0,00|12,00|0,00|0,00|0,00|0,00|0|||0,00|0,00|0,00|06|0,00|0,0000|||0,00|06|0,00|0,0000|||0,00||
|C170|48|6628|PARA LAMA DIREITO|1,00000|PC|677,35|39,65|0|060|5405|5405|0,00|12,00|0,00|0,00|0,00|0,00|0|||0,00|0,00|0,00|06|0,00|0,0000|||0,00|06|0,00|0,0000|||0,00||
|C170|49|6629|PARA LAMA ESQUERDO|1,00000|PC|677,35|39,65|0|060|5405|5405|0,00|12,00|0,00|0,00|0,00|0,00|0|||0,00|0,00|0,00|06|0,00|0,0000|||0,00|06|0,00|0,0000|||0,00||
|C170|50|6665|GRADE DO RAD P/ FAROL LATERAL|1,00000|PC|225,78|13,22|0|060|5405|5405|0,00|12,00|0,00|0,00|0,00|0,00|0|||0,00|0,00|0,00|06|0,00|0,0000|||0,00|06|0,00|0,0000|||0,00||
|C170|51|6689|JG DE DECALQUE|1,00000|UND|38,73|2,27|0|060|5405|5405|0,00|12,00|0,00|0,00|0,00|0,00|0|||0,00|0,00|0,00|06|0,00|0,0000|||0,00|06|0,00|0,0000|||0,00||
|C170|52|6698|RETENTOR DE BORRACHA|1,00000|UND|90,69|5,31|0|060|5405|5405|0,00|12,00|0,00|0,00|0,00|0,00|0|||0,00|0,00|0,00|06|0,00|0,0000|||0,00|06|0,00|0,0000|||0,00||
|C100|1|0|85598275520|55|00|1|6958|29171211053630000140550010000069581000069584|30122017|30122017|6000,00|1|758,55|0,00|6758,55|0|0,00|0,00|6758,55|0,00|0,00|0,00|0,00|0,00|0,00|0,00|0,00|0,00|
|C170|1|199|PORCA|4,00000|PC|0,53|0,07|0|060|5405|5405|0,00|12,00|0,00|0,00|0,00|0,00|0|||0,00|0,00|0,00|06|0,00|0,0000|||0,00|06|0,00|0,0000|||0,00||
|C170|2|240|CJ NIVELADOR|1,00000|PC|228,16|28,84|0|060|5405|5405|0,00|12,00|0,00|0,00|0,00|0,00|0|||0,00|0,00|0,00|06|0,00|0,0000|||0,00|06|0,00|0,0000|||0,00||
|C170|3|493|RETENTOR|2,00000|PC|19,52|2,48|0|060|5405|5405|0,00|12,00|0,00|0,00|0,00|0,00|0|||0,00|0,00|0,00|06|0,00|0,0000|||0,00|06|0,00|0,0000|||0,00||
|C170|4|523|INTERRUPTOR DE LUZ DE FREIO|1,00000|PC|69,25|8,75|0|060|5405|5405|0,00|12,00|0,00|0,00|0,00|0,00|0|||0,00|0,00|0,00|06|0,00|0,0000|||0,00|06|0,00|0,0000|||0,00||
|C170|5|531|LANTERNA TRASEIRA LD|1,00000|PC|94,99|12,01|0|060|5405|5405|0,00|12,00|0,00|0,00|0,00|0,00|0|||0,00|0,00|0,00|06|0,00|0,0000|||0,00|06|0,00|0,0000|||0,00||
|C170|6|532|JOGO DE REPARO JP-75|1,00000|PC|149,14|18,86|0|060|5405|5405|0,00|12,00|0,00|0,00|0,00|0,00|0|||0,00|0,00|0,00|06|0,00|0,0000|||0,00|06|0,00|0,0000|||0,00||
|C170|7|559|CUPILHA 1/16|2,00000|PC|0,36|0,04|0|060|5405|5405|0,00|12,00|0,00|0,00|0,00|0,00|0|||0,00|0,00|0,00|06|0,00|0,0000|||0,00|06|0,00|0,0000|||0,00||
|C170|8|607|JOGO DE REPARO JP-150|1,00000|PC|252,13|31,87|0|060|5405|5405|0,00|12,00|0,00|0,00|0,00|0,00|0|||0,00|0,00|0,00|06|0,00|0,0000|||0,00|06|0,00|0,0000|||0,00||
|C170|9|695|TAMPA  RADIADOR - 589360|1,00000|PC|7,10|0,90|0|060|5405|5405|0,00|12,00|0,00|0,00|0,00|0,00|0|||0,00|0,00|0,00|06|0,00|0,0000|||0,00|06|0,00|0,0000|||0,00||
|C170|10|770|PINO TRAVA|2,00000|PC|24,86|3,14|0|060|5405|5405|0,00|12,00|0,00|0,00|0,00|0,00|0|||0,00|0,00|0,00|06|0,00|0,0000|||0,00|06|0,00|0,0000|||0,00||
|C170|11|834|FAROL AUXILIAR - 81924500|1,00000|PC|128,73|16,27|0|060|5405|5405|0,00|12,00|0,00|0,00|0,00|0,00|0|||0,00|0,00|0,00|06|0,00|0,0000|||0,00|06|0,00|0,0000|||0,00||
|C170|12|1002|PARAFUSO DISCO ARADO C/ PORCA|10,00000|UND|17,76|2,24|0|060|5405|5405|0,00|12,00|0,00|0,00|0,00|0,00|0|||0,00|0,00|0,00|06|0,00|0,0000|||0,00|06|0,00|0,0000|||0,00||
|C170|13|1059|PINO TRAVA ( 7/16X2 )|2,00000|PC|7,10|0,90|0|060|5405|5405|0,00|12,00|0,00|0,00|0,00|0,00|0|||0,00|0,00|0,00|06|0,00|0,0000|||0,00|06|0,00|0,0000|||0,00||
|C170|14|1143|ESTOPA 010|1,00000|UND|1,78|0,22|0|060|5405|5405|0,00|12,00|0,00|0,00|0,00|0,00|0|||0,00|0,00|0,00|06|0,00|0,0000|||0,00|06|0,00|0,0000|||0,00||
|C170|15|1206|REGISTRO PARA BICO - M274/4|2,00000|PC|46,16|5,84|0|060|5405|5405|0,00|12,00|0,00|0,00|0,00|0,00|0|||0,00|0,00|0,00|06|0,00|0,0000|||0,00|06|0,00|0,0000|||0,00||
|C170|16|1415|ABRACADEIRA LARGA 22X32 ( 423814)|1,00000|PC|4,44|0,56|0|060|5405|5405|0,00|12,00|0,00|0,00|0,00|0,00|0|||0,00|0,00|0,00|06|0,00|0,0000|||0,00|06|0,00|0,0000|||0,00||
|C170|17|1564|RELE AUXILIAR|2,00000|PC|37,29|4,71|0|060|5405|5405|0,00|12,00|0,00|0,00|0,00|0,00|0|||0,00|0,00|0,00|06|0,00|0,0000|||0,00|06|0,00|0,0000|||0,00||
|C170|18|1603|INTERRUPTOR FAROL ALTO|2,00000|PC|165,12|20,88|0|060|5405|5405|0,00|12,00|0,00|0,00|0,00|0,00|0|||0,00|0,00|0,00|06|0,00|0,0000|||0,00|06|0,00|0,0000|||0,00||
|C170|19|1797|CORREIA HY T 3VX600|9,00000|PC|423,46|53,54|0|060|5405|5405|0,00|12,00|0,00|0,00|0,00|0,00|0|||0,00|0,00|0,00|06|0,00|0,0000|||0,00|06|0,00|0,0000|||0,00||
|C170|20|1925|RAMAL ESQUERDO DOS BICOS|1,00000|PC|804,31|101,69|0|060|5405|5405|0,00|12,00|0,00|0,00|0,00|0,00|0|||0,00|0,00|0,00|06|0,00|0,0000|||0,00|06|0,00|0,0000|||0,00||
|C170|21|1951|TECLA INDICADORA DIRECAO COBO|1,00000|PC|162,46|20,54|0|060|5405|5405|0,00|12,00|0,00|0,00|0,00|0,00|0|||0,00|0,00|0,00|06|0,00|0,0000|||0,00|06|0,00|0,0000|||0,00||
|C170|22|1952|TECLA PISCA ALERTA COBO|1,00000|PC|99,43|12,57|0|060|5405|5405|0,00|12,00|0,00|0,00|0,00|0,00|0|||0,00|0,00|0,00|06|0,00|0,0000|||0,00|06|0,00|0,0000|||0,00||
|C170|23|2024|TUBO|1,00000|PC|177,55|22,45|0|060|5405|5405|0,00|12,00|0,00|0,00|0,00|0,00|0|||0,00|0,00|0,00|06|0,00|0,0000|||0,00|06|0,00|0,0000|||0,00||
|C170|24|2099|BICO SUBSOLADOR REFORCADO|2,00000|PC|87,00|11,00|0|060|5405|5405|0,00|12,00|0,00|0,00|0,00|0,00|0|||0,00|0,00|0,00|06|0,00|0,0000|||0,00|06|0,00|0,0000|||0,00||
|C170|25|2136|ARRUELA DE PRESSÃO 1/2|10,00000|PC|4,44|0,56|0|060|5405|5405|0,00|12,00|0,00|0,00|0,00|0,00|0|||0,00|0,00|0,00|06|0,00|0,0000|||0,00|06|0,00|0,0000|||0,00||
|C170|26|2509|ARRUELA|4,00000|PC|1,78|0,22|0|060|5405|5405|0,00|12,00|0,00|0,00|0,00|0,00|0|||0,00|0,00|0,00|06|0,00|0,0000|||0,00|06|0,00|0,0000|||0,00||
|C170|27|2510|PORCA 355565|1,00000|PC|0,49|0,06|0|060|5405|5405|0,00|12,00|0,00|0,00|0,00|0,00|0|||0,00|0,00|0,00|06|0,00|0,0000|||0,00|06|0,00|0,0000|||0,00||
|C170|28|2715|ARRUELA|2,00000|PC|3,55|0,45|0|060|5405|5405|0,00|12,00|0,00|0,00|0,00|0,00|0|||0,00|0,00|0,00|06|0,00|0,0000|||0,00|06|0,00|0,0000|||0,00||
|C170|29|2730|PARAFUSO 1/4 X 3/4|4,00000|PC|1,78|0,22|0|060|5405|5405|0,00|12,00|0,00|0,00|0,00|0,00|0|||0,00|0,00|0,00|06|0,00|0,0000|||0,00|06|0,00|0,0000|||0,00||
|C170|30|2820|PARAFUSO|1,00000|PC|1,78|0,22|0|060|5405|5405|0,00|12,00|0,00|0,00|0,00|0,00|0|||0,00|0,00|0,00|06|0,00|0,0000|||0,00|06|0,00|0,0000|||0,00||
|C170|31|2821|PORCA|2,00000|PC|3,55|0,45|0|060|5405|5405|0,00|12,00|0,00|0,00|0,00|0,00|0|||0,00|0,00|0,00|06|0,00|0,0000|||0,00|06|0,00|0,0000|||0,00||
|C170|32|2948|LAMPADA H4|2,00000|PC|44,39|5,61|0|060|5405|5405|0,00|12,00|0,00|0,00|0,00|0,00|0|||0,00|0,00|0,00|06|0,00|0,0000|||0,00|06|0,00|0,0000|||0,00||
|C170|33|2983|PARAFUSO|2,00000|PC|6,21|0,79|0|060|5405|5405|0,00|12,00|0,00|0,00|0,00|0,00|0|||0,00|0,00|0,00|06|0,00|0,0000|||0,00|06|0,00|0,0000|||0,00||
|C170|34|3539|PINO - 1X110MM  VALMET|2,00000|PC|26,63|3,37|0|060|5405|5405|0,00|12,00|0,00|0,00|0,00|0,00|0|||0,00|0,00|0,00|06|0,00|0,0000|||0,00|06|0,00|0,0000|||0,00||
|C170|35|4412|ARRUELA LISA|3,00000|PC|7,99|1,01|0|060|5405|5405|0,00|12,00|0,00|0,00|0,00|0,00|0|||0,00|0,00|0,00|06|0,00|0,0000|||0,00|06|0,00|0,0000|||0,00||
|C170|36|4724|RELE DE PISCA|1,00000|PC|23,08|2,92|0|060|5405|5405|0,00|12,00|0,00|0,00|0,00|0,00|0|||0,00|0,00|0,00|06|0,00|0,0000|||0,00|06|0,00|0,0000|||0,00||
|C170|37|4945|ESTABILIZADOR 3/4|1,00000|PC|119,85|15,15|0|060|5405|5405|0,00|12,00|0,00|0,00|0,00|0,00|0|||0,00|0,00|0,00|06|0,00|0,0000|||0,00|06|0,00|0,0000|||0,00||
|C170|38|5029|CAIXA DE FUSIVEIS|1,00000|PC|62,14|7,86|0|060|5405|5405|0,00|12,00|0,00|0,00|0,00|0,00|0|||0,00|0,00|0,00|06|0,00|0,0000|||0,00|06|0,00|0,0000|||0,00||
|C170|39|5503|VALVULA JP 150|6,00000|PC|74,57|9,43|0|060|5405|5405|0,00|12,00|0,00|0,00|0,00|0,00|0|||0,00|0,00|0,00|06|0,00|0,0000|||0,00|06|0,00|0,0000|||0,00||
|C170|40|5630|MANOMETRO 1000 LBS - M600/5|1,00000|PC|130,50|16,50|0|060|5405|5405|0,00|12,00|0,00|0,00|0,00|0,00|0|||0,00|0,00|0,00|06|0,00|0,0000|||0,00|06|0,00|0,0000|||0,00||
|C170|41|5678|LANTERNA 355 12V|1,00000|UND|63,92|8,08|0|060|5405|5405|0,00|12,00|0,00|0,00|0,00|0,00|0|||0,00|0,00|0,00|06|0,00|0,0000|||0,00|06|0,00|0,0000|||0,00||
|C170|42|6269|PINO SUBSOLADOR 1/2 X 100 MM|10,00000|PC|31,07|3,93|0|060|5405|5405|0,00|12,00|0,00|0,00|0,00|0,00|0|||0,00|0,00|0,00|06|0,00|0,0000|||0,00|06|0,00|0,0000|||0,00||
|C170|43|6287|ARRUELA LISA ACO|8,00000|PC|7,10|0,90|0|060|5405|5405|0,00|12,00|0,00|0,00|0,00|0,00|0|||0,00|0,00|0,00|06|0,00|0,0000|||0,00|06|0,00|0,0000|||0,00||
|C170|44|6320|LANTERNA DIANTEIRA|2,00000|PC|227,27|28,73|0|060|5405|5405|0,00|12,00|0,00|0,00|0,00|0,00|0|||0,00|0,00|0,00|06|0,00|0,0000|||0,00|06|0,00|0,0000|||0,00||
|C170|45|6350|BICO CONE MGA 03 90 º|2,00000|UND|35,51|4,49|0|060|5405|5405|0,00|12,00|0,00|0,00|0,00|0,00|0|||0,00|0,00|0,00|06|0,00|0,0000|||0,00|06|0,00|0,0000|||0,00||
|C170|46|6598|CORPO DA BOMBA JP-50|1,00000|PC|941,03|118,97|0|060|5405|5405|0,00|12,00|0,00|0,00|0,00|0,00|0|||0,00|0,00|0,00|06|0,00|0,0000|||0,00|06|0,00|0,0000|||0,00||
|C170|47|6611|BUCHA DO ACOPLAMENTO|4,00000|PC|28,41|3,59|0|060|5405|5405|0,00|12,00|0,00|0,00|0,00|0,00|0|||0,00|0,00|0,00|06|0,00|0,0000|||0,00|06|0,00|0,0000|||0,00||
|C170|48|6635|PARAFUSO|2,00000|UND|8,88|1,12|0|060|5405|5405|0,00|12,00|0,00|0,00|0,00|0,00|0|||0,00|0,00|0,00|06|0,00|0,0000|||0,00|06|0,00|0,0000|||0,00||
|C170|49|6636|ARRUELA LISA|2,00000|UND|5,33|0,67|0|060|5405|5405|0,00|12,00|0,00|0,00|0,00|0,00|0|||0,00|0,00|0,00|06|0,00|0,0000|||0,00|06|0,00|0,0000|||0,00||
|C170|50|6637|ANEL|2,00000|UND|0,89|0,11|0|060|5405|5405|0,00|12,00|0,00|0,00|0,00|0,00|0|||0,00|0,00|0,00|06|0,00|0,0000|||0,00|06|0,00|0,0000|||0,00||
|C170|51|6638|ANEL|2,00000|UND|2,66|0,34|0|060|5405|5405|0,00|12,00|0,00|0,00|0,00|0,00|0|||0,00|0,00|0,00|06|0,00|0,0000|||0,00|06|0,00|0,0000|||0,00||
|C170|52|6639|VEDADOR DUPLO|2,00000|UND|106,53|13,47|0|060|5405|5405|0,00|12,00|0,00|0,00|0,00|0,00|0|||0,00|0,00|0,00|06|0,00|0,0000|||0,00|06|0,00|0,0000|||0,00||
|C170|53|6640|INSERTO METALICO|1,00000|PC|126,06|15,94|0|060|5405|5405|0,00|12,00|0,00|0,00|0,00|0,00|0|||0,00|0,00|0,00|06|0,00|0,0000|||0,00|06|0,00|0,0000|||0,00||
|C170|54|6648|BARRA TRACAO CURVA|1,00000|PC|344,45|43,55|0|060|5405|5405|0,00|12,00|0,00|0,00|0,00|0,00|0|||0,00|0,00|0,00|06|0,00|0,0000|||0,00|06|0,00|0,0000|||0,00||
|C170|55|6690|RABETA LD|1,00000|UND|275,21|34,79|0|060|5405|5405|0,00|12,00|0,00|0,00|0,00|0,00|0|||0,00|0,00|0,00|06|0,00|0,0000|||0,00|06|0,00|0,0000|||0,00||
|C170|56|6691|RABETA LE|1,00000|UND|213,06|26,94|0|060|5405|5405|0,00|12,00|0,00|0,00|0,00|0,00|0|||0,00|0,00|0,00|06|0,00|0,0000|||0,00|06|0,00|0,0000|||0,00||
|C170|57|6692|PORCA SEXT|8,00000|UND|56,82|7,18|0|060|5405|5405|0,00|12,00|0,00|0,00|0,00|0,00|0|||0,00|0,00|0,00|06|0,00|0,0000|||0,00|06|0,00|0,0000|||0,00||
|C170|58|6693|TRAVA|2,00000|UND|4,44|0,56|0|060|5405|5405|0,00|12,00|0,00|0,00|0,00|0,00|0|||0,00|0,00|0,00|06|0,00|0,0000|||0,00|06|0,00|0,0000|||0,00||
|C100|1|0|85598275520|55|00|1|6959|29171211053630000140550010000069591000069590|30122017|30122017|1300,00|1|304,00|0,00|1604,00|0|0,00|0,00|1604,00|0,00|0,00|0,00|0,00|0,00|0,00|0,00|0,00|0,00|
|C170|1|564|ASSENTO DE BICO|52,00000|PC|42,14|9,86|0|060|5405|5405|0,00|12,00|0,00|0,00|0,00|0,00|0|||0,00|0,00|0,00|06|0,00|0,0000|||0,00|06|0,00|0,0000|||0,00||
|C170|2|657|MANOMETRO DE 500LBS|1,00000|PC|137,78|32,22|0|060|5405|5405|0,00|12,00|0,00|0,00|0,00|0,00|0|||0,00|0,00|0,00|06|0,00|0,0000|||0,00|06|0,00|0,0000|||0,00||
|C170|3|717|ANEL ESPACADOR|36,00000|PC|14,59|3,41|0|060|5405|5405|0,00|12,00|0,00|0,00|0,00|0,00|0|||0,00|0,00|0,00|06|0,00|0,0000|||0,00|06|0,00|0,0000|||0,00||
|C170|4|1206|REGISTRO PARA BICO - M274/4|4,00000|PC|84,29|19,71|0|060|5405|5405|0,00|12,00|0,00|0,00|0,00|0,00|0|||0,00|0,00|0,00|06|0,00|0,0000|||0,00|06|0,00|0,0000|||0,00||
|C170|5|2239|JUNTA|1,00000|PC|3,24|0,76|0|060|5405|5405|0,00|12,00|0,00|0,00|0,00|0,00|0|||0,00|0,00|0,00|06|0,00|0,0000|||0,00|06|0,00|0,0000|||0,00||
|C170|6|4912|PORCA - M218|52,00000|UND|126,43|29,57|0|060|5405|5405|0,00|12,00|0,00|0,00|0,00|0,00|0|||0,00|0,00|0,00|06|0,00|0,0000|||0,00|06|0,00|0,0000|||0,00||
|C170|7|5473|BICO MGA 04 40º|4,00000|UND|61,60|14,40|0|060|5405|5405|0,00|12,00|0,00|0,00|0,00|0,00|0|||0,00|0,00|0,00|06|0,00|0,0000|||0,00|06|0,00|0,0000|||0,00||
|C170|8|5474|BICO MGA 60-04|6,00000|UND|77,81|18,19|0|060|5405|5405|0,00|12,00|0,00|0,00|0,00|0,00|0|||0,00|0,00|0,00|06|0,00|0,0000|||0,00|06|0,00|0,0000|||0,00||
|C170|9|5475|BICO MGA 90-04|16,00000|UND|233,42|54,58|0|060|5405|5405|0,00|12,00|0,00|0,00|0,00|0,00|0|||0,00|0,00|0,00|06|0,00|0,0000|||0,00|06|0,00|0,0000|||0,00||
|C170|10|6350|BICO CONE MGA 03 90 º|16,00000|UND|259,35|60,65|0|060|5405|5405|0,00|12,00|0,00|0,00|0,00|0,00|0|||0,00|0,00|0,00|06|0,00|0,0000|||0,00|06|0,00|0,0000|||0,00||
|C170|11|6351|BICO MGA 03 40º|16,00000|UND|259,35|60,65|0|060|5405|5405|0,00|12,00|0,00|0,00|0,00|0,00|0|||0,00|0,00|0,00|06|0,00|0,0000|||0,00|06|0,00|0,0000|||0,00||
|C100|1|0|08694543000400|55|00|1|6960|29171211053630000140550010000069601000069604|30122017|30122017|536,00|1|0,00|0,00|536,00|0|0,00|0,00|536,00|0,00|0,00|0,00|0,00|0,00|0,00|0,00|0,00|0,00|
|C170|1|1143|ESTOPA 010|6,00000|UND|12,00|0,00|0|060|5405|5405|0,00|12,00|0,00|0,00|0,00|0,00|0|||0,00|0,00|0,00|06|0,00|0,0000|||0,00|06|0,00|0,0000|||0,00||
|C170|2|3146|LUBRAX THF11 20L|1,00000|BD|277,00|0,00|0|060|5405|5405|0,00|12,00|0,00|0,00|0,00|0,00|0|||0,00|0,00|0,00|06|0,00|0,0000|||0,00|06|0,00|0,0000|||0,00||
|C170|3|4464|ABRACADEIRA|5,00000|PC|45,00|0,00|0|060|5405|5405|0,00|12,00|0,00|0,00|0,00|0,00|0|||0,00|0,00|0,00|06|0,00|0,0000|||0,00|06|0,00|0,0000|||0,00||
|C170|4|4587|MANCAL DE ATRITO|2,00000|PC|202,00|0,00|0|060|5405|5405|0,00|12,00|0,00|0,00|0,00|0,00|0|||0,00|0,00|0,00|06|0,00|0,0000|||0,00|06|0,00|0,0000|||0,00||
|C100|1|0|98995952849|55|00|1|6961|29171211053630000140550010000069611000069610|30122017|30122017|4,00|0|0,00|0,00|4,00|0|0,00|0,00|4,00|0,00|0,00|0,00|0,00|0,00|0,00|0,00|0,00|0,00|
|C170|1|326|REPARO ENGATE 3772942|2,00000|PC|4,00|0,00|0|060|5405|5405|0,00|12,00|0,00|0,00|0,00|0,00|0|||0,00|0,00|0,00|06|0,00|0,0000|||0,00|06|0,00|0,0000|||0,00||
|C100|0|1|96562152000157|55|00|1|9284|35171296562152000157550010000092841000092847|05122017|14122017|1677,03|1|0,00|0,00|1283,31|1|70,00|0,00|0,00|0,00|0,00|2324,72|323,72|0,00|0,00|0,00|0,00|0,00|
|C170|1|1441|BANCO RETO - 3149999|3,00000|PC|1283,31|0,00|0||2403|2403|0,00|0,00|0,00|2324,72|0,00|323,72|0|49||0,00|0,00|0,00|73|0,00|0,6500|||0,00|73|0,00|3,0000|||0,00||
|C100|0|1|07844087000122|55|00|1|17683|23171207844087000122550010000176831043380032|19122017|22122017|39680,00|1|0,00|0,00|37790,48|1|1889,52|0,00|0,00|23932,71|2871,93|0,00|0,00|0,00|381,72|1832,26|0,00|0,00|
|C170|1|6151|CARRETA UVA CEMAG 2 TON|8,00000|UND|37790,48|0,00|0|020|2102|2102|23932,71|12,00|2871,93|0,00|0,00|0,00|0|49||0,00|0,00|0,00|73|19086,08|2,0000|||381,72|73|19086,08|9,6000|||1832,26||
|C100|0|1|09269474000108|55|00|1|20789|35171209269474000108550010000207891010388245|13122017|20122017|686,18|1|0,00|0,00|535,80|1|0,00|0,00|0,00|535,80|37,51|1043,85|150,38|0,00|12,32|57,87|0,00|0,00|
|C170|1|5352|CILINDRO FREIO|10,00000|PC|535,80|0,00|0|010|2403|2403|535,80|7,00|37,51|1043,85|0,00|150,38|0|49||0,00|0,00|0,00|73|535,80|2,3000|||12,32|73|535,80|10,8000|||57,87||
|C100|0|1|09269474000108|55|00|1|20874|35171209269474000108550010000208741010389600|20122017|28122017|2729,62|1|0,00|0,00|2005,80|1|0,00|0,00|0,00|2005,80|96,31|4147,98|650,32|73,50|46,13|216,63|0,00|0,00|
|C170|1|5352|CILINDRO FREIO|10,00000|PC|535,80|0,00|0|010|2403|2403|535,80|7,00|37,51|1043,85|0,00|150,38|0|49||0,00|0,00|0,00|73|535,80|2,3000|||12,32|73|535,80|10,8000|||57,87||
|C170|2|5353|BOMBA ELETRICA|5,00000|PC|1470,00|0,00|0|010|2403|2403|1470,00|4,00|58,80|3104,13|0,00|499,94|0|49||1470,00|5,00|73,50|73|1470,00|2,3000|||33,81|73|1470,00|10,8000|||158,76||
|C100|0|1|07147518000100|55|00|1|20972|35171107147518000100550010000209721000367056|28112017|14122017|1379,85|1|0,00|0,00|1238,00|1|0,00|0,00|0,00|920,84|64,47|509,30|68,94|72,91|8,04|37,15|0,00|0,00|
|C170|1|181|PARAFUSO ROCADORES|10,00000|PC|172,00|0,00|0|020|2102|2102|100,77|7,00|7,05|0,00|0,00|0,00|0|49||172,00|5,00|8,60|73|172,00|0,6500|||1,12|73|172,00|3,0000|||5,16||
|C170|2|389|PINO DA BARRA|2,00000|PC|24,00|0,00|0|000|2102|2102|24,00|7,00|1,68|0,00|0,00|0,00|0|49||24,00|10,00|2,40|73|24,00|0,6500|||0,16|73|24,00|3,0000|||0,72||
|C170|3|1058|PINO 1``X110MM|20,00000|PC|116,00|0,00|0|000|2102|2102|116,00|7,00|8,12|0,00|0,00|0,00|0|49||116,00|10,00|11,60|73|116,00|0,6500|||0,75|73|116,00|3,0000|||3,48||
|C170|4|1164|PINO|4,00000|PC|27,60|0,00|0|000|2102|2102|27,60|6,99|1,93|0,00|0,00|0,00|0|49||27,60|10,00|2,76|73|27,60|0,6500|||0,18|73|27,60|3,0000|||0,83||
|C170|5|2282|BRACO NIVELADOR|2,00000|PC|252,00|0,00|0|010|2403|2403|252,00|7,00|17,64|509,30|0,00|68,94|0|49||252,00|5,00|12,60|73|252,00|0,6500|||1,64|73|252,00|3,0000|||7,56||
|C170|6|2397|GRAMPO 4,5 X 75MM|30,00000|PC|55,50|0,00|0|020|2102|2102|32,52|7,01|2,28|0,00|0,00|0,00|0|49||55,50|5,00|2,78|73|55,50|0,6500|||0,36|73|55,50|3,0000|||1,67||
|C170|7|2620|PINO ENGATE SEM ARGOLA|4,00000|PC|56,00|0,00|0|020|2102|2102|32,81|7,01|2,30|0,00|0,00|0,00|0|49||56,00|5,00|2,80|73|56,00|0,6500|||0,36|73|56,00|3,0000|||1,68||
|C170|8|2621|PARAFUSO FACA ROCADEIRA|20,00000|PC|276,00|0,00|0|020|2102|2102|161,71|7,00|11,32|0,00|0,00|0,00|0|49||276,00|5,00|13,80|73|276,00|0,6500|||1,79|73|276,00|3,0000|||8,28||
|C170|9|4752|PINO ENGATE|4,00000|UND|70,40|0,00|0|020|2102|2102|41,25|7,01|2,89|0,00|0,00|0,00|0|49||70,40|5,00|3,52|73|70,40|0,6500|||0,46|73|70,40|3,0000|||2,11||
|C170|10|6657|PARAFUSO DO ARO|15,00000|PC|52,50|0,00|0|000|2102|2102|52,50|7,01|3,68|0,00|0,00|0,00|0|49||52,50|10,00|5,25|73|52,50|0,6500|||0,34|73|52,50|3,0000|||1,58||
|C170|11|6658|PARAFUSO MANCAL|20,00000|PC|65,00|0,00|0|020|2102|2102|38,08|7,01|2,67|0,00|0,00|0,00|0|49||65,00|5,00|3,25|73|65,00|0,6500|||0,42|73|65,00|3,0000|||1,95||
|C170|12|6659|TRAVA|20,00000|PC|71,00|0,00|0|020|2102|2102|41,60|7,00|2,91|0,00|0,00|0,00|0|49||71,00|5,00|3,55|73|71,00|0,6500|||0,46|73|71,00|3,0000|||2,13||
|C100|0|1|04867992000100|55|00|0|26258|35171104867992000100550000000262581295338935|30112017|12122017|1113,00|1|0,00|0,00|1060,00|1|0,00|0,00|0,00|620,84|43,46|0,00|0,00|53,00|6,89|31,80|0,00|0,00|
|C170|1|6649|FACA ROCADEIRA|20,00000|PC|1060,00|0,00|0|020|6404|6404|620,84|7,00|43,46|0,00|0,00|0,00|0|49||1060,00|5,00|53,00|73|1060,00|0,6500|||6,89|73|1060,00|3,0000|||31,80||
|C100|0|1|03944609000107|55|00|1|28795|26171103944609000107550010000287951039132670|27112017|21122017|120,18|1|0,00|0,00|120,18|1|0,00|0,00|0,00|70,11|8,41|0,00|0,00|0,00|0,78|3,61|0,00|0,00|
|C170|1|6686|BICO ENAGATE RAPIDO 3/8|2,00000|UND|120,18|0,00|0|020|2102|2102|70,11|12,00|8,41|0,00|0,00|0,00|0|49||0,00|0,00|0,00|73|120,18|0,6500|||0,78|73|120,18|3,0000|||3,61||
|C100|0|1|03944609000107|55|00|1|29011|26171203944609000107550010000290111044644668|14122017|15122017|58,16|1|0,00|0,00|58,16|1|0,00|0,00|0,00|0,00|0,00|0,00|0,00|0,00|0,00|0,00|0,00|0,00|
|C170|1|6660|JUNTA DE COBRE|2,00000|UND|5,16|0,00|0|060|2403|2403|0,00|0,00|0,00|0,00|0,00|0,00|0|49||0,00|0,00|0,00|73|0,00|0,0000|||0,00|73|0,00|0,0000|||0,00||
|C170|2|6661|CJ TORNEIRA|1,00000|UND|53,00|0,00|0|060|2403|2403|0,00|0,00|0,00|0,00|0,00|0,00|0|49||0,00|0,00|0,00|73|0,00|0,0000|||0,00|73|0,00|0,0000|||0,00||
|C100|0|1|43204213000148|55|00|1|30475|35171143204213000148550010000304751010700000|28112017|08122017|1767,60|1|0,00|0,00|1312,13|1|0,00|0,00|0,00|1319,13|92,31|2682,74|390,55|57,92|30,29|142,43|0,00|0,00|
|C170|1|1330|BARRA DIRECAO LD - VALMET|2,00000|PC|175,84|0,00|0|010|2403|2403|176,77|7,00|12,37|358,15|0,00|52,09|0|49||176,77|4,00|7,07|73|176,77|2,3000|||4,06|73|176,77|10,8000|||19,09||
|C170|2|1994|ARTICULACAO DAS BARRAS|4,00000|PC|210,52|0,00|0|010|2403|2403|211,64|7,00|14,81|428,79|0,00|62,37|0|49||211,64|4,00|8,46|73|211,64|2,3000|||4,86|73|211,64|10,8000|||22,85||
|C170|3|2785|TERMINAL BARRA RETO|5,00000|PC|132,20|0,00|0|010|2403|2403|132,90|7,00|9,30|269,26|0,00|39,16|0|49||132,90|4,00|5,31|73|132,90|2,3000|||3,05|73|132,90|10,8000|||14,35||
|C170|4|2788|TERMINAL|5,00000|PC|175,15|0,00|0|010|2403|2403|176,08|7,00|12,32|356,75|0,00|51,89|0|49||176,08|4,00|7,04|73|176,08|2,3000|||4,04|73|176,08|10,8000|||19,01||
|C170|5|2792|BRACO TERCEIRO PONTO|3,00000|PC|463,14|0,00|0|010|2403|2403|465,64|7,00|32,59|952,51|0,00|138,86|0|49||465,64|5,00|23,28|73|465,64|2,3000|||10,70|73|465,64|10,8000|||50,28||
|C170|6|4455|TUBO ESTABILIZADOR|1,00000|PC|51,94|0,00|0|010|2403|2403|52,21|6,99|3,65|106,80|0,00|15,57|0|49||52,21|5,00|2,61|73|52,21|2,3000|||1,20|73|52,21|10,8000|||5,63||
|C170|7|6642|TERMINAL DE DIRECAO|2,00000|UND|103,34|0,00|0|010|2403|2403|103,89|7,00|7,27|210,48|0,00|30,61|0|49||103,89|4,00|4,15|73|103,89|2,3000|||2,38|73|103,89|10,8000|||11,22||
|C100|0|1|06092428000198|55|00|1|38900|41171206092428000198550010000389001007983334|07122017|20122017|4844,92|1|0,00|0,00|3640,80|1|98,37|0,00|0,00|3739,17|261,74|6587,41|955,52|150,23|29,88|137,89|0,00|0,00|
|C170|1|1234|FILTRO - M506/5|2,00000|PC|81,74|0,00|0|010|2403|2403|83,95|7,00|5,88|176,62|0,00|25,91|0|49||83,95|8,00|6,71|73|107,65|0,6500|||0,70|73|107,65|3,0000|||3,23||
|C170|2|1639|FILTRO COM VALVULA - M693|3,00000|PC|438,54|0,00|0|000|2102|2102|450,39|7,00|31,53|0,00|0,00|0,00|0|49||0,00|0,00|0,00|73|438,54|0,6500|||2,85|73|438,54|3,0000|||13,16||
|C170|3|4750|JOGO REPARO BOMBA - M227|10,00000|PC|438,40|0,00|0|010|2403|2403|450,25|7,00|31,52|947,35|0,00|139,00|0|49||450,25|8,00|36,02|73|577,40|0,6500|||3,75|73|577,40|3,0000|||17,32||
|C170|4|4858|FILTRO DUPLO - M506/8|3,00000|PC|130,41|0,00|0|010|2403|2403|133,93|7,00|9,37|281,81|0,00|41,36|0|49||133,93|8,00|10,72|73|171,77|0,6500|||1,12|73|171,77|3,0000|||5,15||
|C170|5|4908|DISCO CERAMICA N4 - M124|200,00000|UND|554,00|0,00|0|010|2403|2403|568,97|7,00|39,83|1163,87|0,00|169,67|0|49||568,97|5,00|28,44|73|723,67|0,6500|||4,70|73|723,67|3,0000|||21,71||
|C170|6|4911|CARACOL CERAMICA N45 4F - M138|200,00000|UND|552,00|0,00|0|010|2403|2403|566,91|7,00|39,68|1159,69|0,00|169,06|0|49||566,91|5,00|28,35|73|721,06|0,6500|||4,69|73|721,06|3,0000|||21,63||
|C170|7|5630|MANOMETRO 1000 LBS - M600/5|5,00000|PC|342,45|0,00|0|010|2403|2403|351,70|7,00|24,62|628,95|0,00|88,59|0|49||0,00|0,00|0,00|73|431,04|0,6500|||2,81|73|431,04|3,0000|||12,93||
|C170|8|5821|MANOMETRO 500L - M614|5,00000|UND|342,45|0,00|0|010|2403|2403|351,70|7,00|24,61|628,94|0,00|88,60|0|49||0,00|0,00|0,00|73|431,05|0,6500|||2,80|73|431,05|3,0000|||12,94||
|C170|9|6350|BICO CONE MGA 03 90 º|30,00000|UND|274,20|0,00|0|010|2403|2403|281,61|7,00|19,71|576,09|0,00|83,98|0|49||281,61|5,00|14,09|73|358,18|0,6500|||2,33|73|358,18|3,0000|||10,75||
|C170|10|6351|BICO MGA 03 40º|30,00000|UND|274,20|0,00|0|010|2403|2403|281,61|7,00|19,71|576,06|0,00|83,98|0|49||281,61|5,00|14,08|73|358,18|0,6500|||2,33|73|358,18|3,0000|||10,74||
|C170|11|6680|EMBOLO LONADO|9,00000|UND|29,61|0,00|0|010|2403|2403|30,41|7,00|2,13|64,00|0,00|9,39|0|49||30,41|8,00|2,44|73|39,00|0,6500|||0,25|73|39,00|3,0000|||1,17||
|C170|12|6681|BICO MGA GOTAS AT|20,00000|UND|182,80|0,00|0|010|2403|2403|187,74|7,00|13,15|384,03|0,00|55,98|0|49||187,74|5,00|9,38|73|238,78|0,6500|||1,55|73|238,78|3,0000|||7,16||
|C100|0|1|04523462000144|55|00|2|41778|29171204523462000144550020000417781000417788|21122017|22122017|1432,00|1|0,00|0,00|1432,00|1|0,00|0,00|0,00|152,93|27,53|0,00|0,00|0,00|23,64|108,83|0,00|0,00|
|C170|1|134|ROLAMENTO 32208|10,00000|PC|310,00|0,00|0|060|1403|1403|0,00|0,00|0,00|0,00|0,00|0,00|0|49||310,00|0,00|0,00|73|310,00|1,6500|||5,12|73|310,00|7,6000|||23,56||
|C170|2|137|ROLAMENTO LA5115|10,00000|PC|320,00|0,00|0|060|1403|1403|0,00|0,00|0,00|0,00|0,00|0,00|0|49||320,00|0,00|0,00|73|320,00|1,6500|||5,28|73|320,00|7,6000|||24,32||
|C170|3|2112|ROLAMENTO|10,00000|PC|350,00|0,00|0|060|1403|1403|0,00|0,00|0,00|0,00|0,00|0,00|0|49||350,00|0,00|0,00|73|350,00|1,6500|||5,78|73|350,00|7,6000|||26,60||
|C170|4|5158|ROLAMENTO DA RODA|12,00000|PC|192,00|0,00|0|060|1403|1403|0,00|0,00|0,00|0,00|0,00|0,00|0|49||192,00|0,00|0,00|73|192,00|1,6500|||3,17|73|192,00|7,6000|||14,59||
|C170|5|6423|ROLAMENTO 21311 - VALMET|2,00000|PC|260,00|0,00|0|020|1102|1102|152,93|18,00|27,53|0,00|0,00|0,00|0|49||260,00|0,00|0,00|73|260,00|1,6500|||4,29|73|260,00|7,6000|||19,76||
|C100|0|1|16392367000138|55|00|10|42131|29171216392367000138550100000421311000016693|20122017|21122017|874,00|1|0,00|0,00|874,00|1|0,00|0,00|0,00|0,00|0,00|0,00|0,00|0,00|0,00|0,00|0,00|0,00|
|C170|1|1500|BATERIA 100 AMPERES|2,00000|UND|874,00|0,00|0|060|1403|1403|0,00|0,00|0,00|0,00|0,00|0,00|0|49||0,00|0,00|0,00|73|0,00|0,0000|||0,00|73|0,00|0,0000|||0,00||
|C100|0|1|96832076000152|55|00|101|44764|29171296832076000152551010000447641377367102|08122017|08122017|1722,27|1|0,00|0,00|1722,27|1|0,00|0,00|0,00|254,20|45,75|0,00|0,00|0,00|11,09|51,25|0,00|0,00|
|C170|1|66|MOLA|1,00000|PC|23,13|0,00|0|060|1403|1403|0,00|0,00|0,00|0,00|0,00|0,00|0|49||0,00|0,00|0,00|73|23,13|1,6500|||0,38|73|23,13|7,6000|||1,75||
|C170|2|223|TERMINAL ENGATE RAPIDO|2,00000|PC|96,00|0,00|0|060|1403|1403|0,00|0,00|0,00|0,00|0,00|0,00|0|49||0,00|0,00|0,00|73|96,00|1,6500|||1,58|73|96,00|7,6000|||7,29||
|C170|3|225|TERMINAL FURO RODONDO|1,00000|PC|36,15|0,00|0|060|1403|1403|0,00|0,00|0,00|0,00|0,00|0,00|0|49||0,00|0,00|0,00|73|36,15|1,6500|||0,59|73|36,15|7,6000|||2,74||
|C170|4|1209|CONECTOR|1,00000|PC|2,60|0,00|0|060|1403|1403|0,00|0,00|0,00|0,00|0,00|0,00|0|49||0,00|0,00|0,00|73|2,60|1,6500|||0,04|73|2,60|7,6000|||0,19||
|C170|5|1394|CUBO DE ENGATE|1,00000|PC|143,70|0,00|0|060|1403|1403|0,00|0,00|0,00|0,00|0,00|0,00|0|49||0,00|0,00|0,00|73|143,70|1,6500|||2,37|73|143,70|7,6000|||10,92||
|C170|6|1898|BUCHA ESPACADORA|13,00000|PC|118,69|0,00|0|060|1403|1403|0,00|0,00|0,00|0,00|0,00|0,00|0|49||0,00|0,00|0,00|73|118,69|1,6500|||1,95|73|118,69|7,6000|||9,02||
|C170|7|2024|TUBO|1,00000|PC|130,40|0,00|0|060|1403|1403|0,00|0,00|0,00|0,00|0,00|0,00|0|49||0,00|0,00|0,00|73|0,00|0,0000|||0,00|73|0,00|0,0000|||0,00||
|C170|8|2398|EIXO DA TDF|1,00000|PC|514,30|0,00|0|060|1403|1403|0,00|0,00|0,00|0,00|0,00|0,00|0|49||0,00|0,00|0,00|73|0,00|0,0000|||0,00|73|0,00|0,0000|||0,00||
|C170|9|2700|ARRUELA LISA - 707570|1,00000|PC|0,50|0,00|0|060|1403|1403|0,00|0,00|0,00|0,00|0,00|0,00|0|49||0,00|0,00|0,00|73|0,50|1,6500|||0,00|73|0,50|7,6000|||0,03||
|C170|10|3638|BICO DE 1/2|1,00000|PC|82,95|0,00|0|000|1102|1102|82,95|18,00|14,93|0,00|0,00|0,00|0|49||0,00|0,00|0,00|73|82,95|1,6500|||1,36|73|82,95|7,6000|||6,30||
|C170|11|6646|FAROL AUXILIAR|2,00000|PC|150,60|0,00|0|060|1403|1403|0,00|0,00|0,00|0,00|0,00|0,00|0|49||0,00|0,00|0,00|73|0,00|0,0000|||0,00|73|0,00|0,0000|||0,00||
|C170|12|6647|CABO DE ACO LIMITADOR DA BARRA|1,00000|PC|171,25|0,00|0|000|1102|1102|171,25|18,00|30,82|0,00|0,00|0,00|0|49||0,00|0,00|0,00|73|171,25|1,6500|||2,82|73|171,25|7,6000|||13,01||
|C170|13|6648|BARRA TRACAO CURVA|1,00000|PC|252,00|0,00|0|060|1403|1403|0,00|0,00|0,00|0,00|0,00|0,00|0|49||0,00|0,00|0,00|73|0,00|0,0000|||0,00|73|0,00|0,0000|||0,00||
|C100|0|1|96832076000152|55|00|101|44839|29171296832076000152551010000448391150748155|13122017|13122017|1807,40|1|0,00|0,00|1807,40|1|0,00|0,00|0,00|0,00|0,00|0,00|0,00|0,00|15,30|70,63|0,00|0,00|
|C170|1|201|TAMPAO - 85388100|4,00000|PC|20,40|0,00|0|060|1403|1403|0,00|0,00|0,00|0,00|0,00|0,00|0|49||0,00|0,00|0,00|73|20,40|1,6500|||0,33|73|20,40|7,6000|||1,55||
|C170|2|1797|CORREIA HY T 3VX600|18,00000|PC|612,00|0,00|0|060|1403|1403|0,00|0,00|0,00|0,00|0,00|0,00|0|49||0,00|0,00|0,00|73|612,00|1,6500|||10,09|73|612,00|7,6000|||46,51||
|C170|3|1901|CORREIA B42|2,00000|PC|77,50|0,00|0|060|1403|1403|0,00|0,00|0,00|0,00|0,00|0,00|0|49||0,00|0,00|0,00|73|77,50|1,6500|||1,27|73|77,50|7,6000|||5,89||
|C170|4|2145|CORREIA|6,00000|PC|195,00|0,00|0|060|1403|1403|0,00|0,00|0,00|0,00|0,00|0,00|0|49||0,00|0,00|0,00|73|195,00|1,6500|||3,21|73|195,00|7,6000|||14,82||
|C170|5|3001|POLIA|1,00000|PC|681,00|0,00|0|060|1403|1403|0,00|0,00|0,00|0,00|0,00|0,00|0|49||0,00|0,00|0,00|73|0,00|0,0000|||0,00|73|0,00|0,0000|||0,00||
|C170|6|3591|TUBO DE COMBUSTIVEL|1,00000|UND|197,00|0,00|0|060|1403|1403|0,00|0,00|0,00|0,00|0,00|0,00|0|49||0,00|0,00|0,00|73|0,00|0,0000|||0,00|73|0,00|0,0000|||0,00||
|C170|7|3800|ROLAMENTO - 717173|1,00000|UND|24,50|0,00|0|060|1403|1403|0,00|0,00|0,00|0,00|0,00|0,00|0|49||0,00|0,00|0,00|73|24,50|1,6500|||0,40|73|24,50|7,6000|||1,86||
|C100|0|1|96832076000152|55|00|101|44903|29171296832076000152551010000449031510658104|14122017|15122017|2566,46|1|0,00|0,00|2566,46|1|0,00|0,00|0,00|24,45|4,40|0,00|0,00|0,00|19,86|91,56|0,00|0,00|
|C170|1|1199|POLIA|1,00000|PC|1330,00|0,00|0|060|1403|1403|0,00|0,00|0,00|0,00|0,00|0,00|0|49||0,00|0,00|0,00|73|0,00|0,0000|||0,00|73|0,00|0,0000|||0,00||
|C170|2|1200|ROLAMENTO COMPENSADOR UC209|1,00000|PC|250,00|0,00|0|060|1403|1403|0,00|0,00|0,00|0,00|0,00|0,00|0|49||0,00|0,00|0,00|73|250,00|1,6500|||4,12|73|250,00|7,6000|||19,00||
|C170|3|1221|ANEL DE APERTO|1,00000|PC|70,58|0,00|0|060|1403|1403|0,00|0,00|0,00|0,00|0,00|0,00|0|49||0,00|0,00|0,00|73|70,58|1,6500|||1,16|73|70,58|7,6000|||5,36||
|C170|4|1633|PORCA CASTELO 1.1/8|3,00000|PC|24,45|0,00|0|000|1102|1102|24,45|18,00|4,40|0,00|0,00|0,00|0|49||0,00|0,00|0,00|73|24,45|1,6500|||0,40|73|24,45|7,6000|||1,85||
|C170|5|1745|FILTRO LUBRIFICANTE|1,00000|PC|31,51|0,00|0|060|1403|1403|0,00|0,00|0,00|0,00|0,00|0,00|0|49||0,00|0,00|0,00|73|0,00|0,0000|||0,00|73|0,00|0,0000|||0,00||
|C170|6|2110|CORREIA TRAP SUPER HC|3,00000|PC|840,00|0,00|0|060|1403|1403|0,00|0,00|0,00|0,00|0,00|0,00|0|49||0,00|0,00|0,00|73|840,00|1,6500|||13,86|73|840,00|7,6000|||63,84||
|C170|7|6611|BUCHA DO ACOPLAMENTO|4,00000|PC|19,92|0,00|0|060|1403|1403|0,00|0,00|0,00|0,00|0,00|0,00|0|49||0,00|0,00|0,00|73|19,92|1,6500|||0,32|73|19,92|7,6000|||1,51||
|C100|0|1|96832076000152|55|00|101|44954|29171296832076000152551010000449541574010341|19122017|22122017|903,05|1|0,00|0,00|903,05|1|0,00|0,00|0,00|0,00|0,00|0,00|0,00|0,00|0,78|3,68|0,00|0,00|
|C170|1|1326|FAROL TRASEIRO|2,00000|PC|105,00|0,00|0|060|1403|1403|0,00|0,00|0,00|0,00|0,00|0,00|0|49||0,00|0,00|0,00|73|0,00|0,0000|||0,00|73|0,00|0,0000|||0,00||
|C170|2|1951|TECLA INDICADORA DIRECAO COBO|1,00000|PC|118,87|0,00|0|060|1403|1403|0,00|0,00|0,00|0,00|0,00|0,00|0|49||0,00|0,00|0,00|73|0,00|0,0000|||0,00|73|0,00|0,0000|||0,00||
|C170|3|1952|TECLA PISCA ALERTA COBO|1,00000|PC|72,50|0,00|0|060|1403|1403|0,00|0,00|0,00|0,00|0,00|0,00|0|49||0,00|0,00|0,00|73|0,00|0,0000|||0,00|73|0,00|0,0000|||0,00||
|C170|4|2024|TUBO|1,00000|PC|130,38|0,00|0|060|1403|1403|0,00|0,00|0,00|0,00|0,00|0,00|0|49||0,00|0,00|0,00|73|0,00|0,0000|||0,00|73|0,00|0,0000|||0,00||
|C170|5|4078|TUBO|1,00000|PC|70,00|0,00|0|060|1403|1403|0,00|0,00|0,00|0,00|0,00|0,00|0|49||0,00|0,00|0,00|73|0,00|0,0000|||0,00|73|0,00|0,0000|||0,00||
|C170|6|6287|ARRUELA LISA ACO|8,00000|PC|4,00|0,00|0|060|1403|1403|0,00|0,00|0,00|0,00|0,00|0,00|0|49||0,00|0,00|0,00|73|4,00|1,6500|||0,06|73|4,00|7,6000|||0,30||
|C170|7|6690|RABETA LD|1,00000|UND|201,62|0,00|0|060|1403|1403|0,00|0,00|0,00|0,00|0,00|0,00|0|49||0,00|0,00|0,00|73|0,00|0,0000|||0,00|73|0,00|0,0000|||0,00||
|C170|8|6691|RABETA LE|1,00000|UND|156,00|0,00|0|060|1403|1403|0,00|0,00|0,00|0,00|0,00|0,00|0|49||0,00|0,00|0,00|73|0,00|0,0000|||0,00|73|0,00|0,0000|||0,00||
|C170|9|6692|PORCA SEXT|8,00000|UND|41,68|0,00|0|060|1403|1403|0,00|0,00|0,00|0,00|0,00|0,00|0|49||0,00|0,00|0,00|73|41,68|1,6500|||0,68|73|41,68|7,6000|||3,16||
|C170|10|6693|TRAVA|2,00000|UND|3,00|0,00|0|060|1403|1403|0,00|0,00|0,00|0,00|0,00|0,00|0|49||0,00|0,00|0,00|73|3,00|1,6500|||0,04|73|3,00|7,6000|||0,22||
|C100|0|1|96832076000152|55|00|101|44982|29171296832076000152551010000449821432611080|21122017|21122017|211,00|1|0,00|0,00|211,00|1|0,00|0,00|0,00|0,00|0,00|0,00|0,00|0,00|3,48|16,03|0,00|0,00|
|C170|1|1492|ROLAMENTO|2,00000|PC|211,00|0,00|0|060|1403|1403|0,00|0,00|0,00|0,00|0,00|0,00|0|49||0,00|0,00|0,00|73|211,00|1,6500|||3,48|73|211,00|7,6000|||16,03||
|C100|0|1|96832076000152|55|00|101|45012|29171296832076000152551010000450121154574221|22122017|22122017|110000,00|1|0,00|0,00|110000,00|1|0,00|0,00|0,00|34221,00|6159,78|0,00|0,00|0,00|0,00|0,00|0,00|0,00|
|C170|1|6697|TRATOR AGRICOLA MF 4275 COMPACTO|1,00000|UND|110000,00|0,00|0|020|1102|1102|34221,00|18,00|6159,78|0,00|0,00|0,00|0|49||0,00|0,00|0,00|73|0,00|0,0000|||0,00|73|0,00|0,0000|||0,00||
|C100|0|1|96832076000152|55|00|101|45013|29171296832076000152551010000450131052779719|22122017|22122017|110000,00|1|0,00|0,00|110000,00|1|0,00|0,00|0,00|34221,00|6159,78|0,00|0,00|0,00|0,00|0,00|0,00|0,00|
|C170|1|6697|TRATOR AGRICOLA MF 4275 COMPACTO|1,00000|UND|110000,00|0,00|0|020|1102|1102|34221,00|18,00|6159,78|0,00|0,00|0,00|0|49||0,00|0,00|0,00|73|0,00|0,0000|||0,00|73|0,00|0,0000|||0,00||
|C100|0|1|96832076000152|55|00|101|45014|29171296832076000152551010000450141110791000|22122017|22122017|94500,00|1|0,00|0,00|94500,00|1|0,00|0,00|0,00|29398,95|5291,81|0,00|0,00|0,00|0,00|0,00|0,00|0,00|
|C170|1|6696|TRATOR AGRICOLA MF 250X COMPACTO|1,00000|UND|94500,00|0,00|0|020|1102|1102|29398,95|18,00|5291,81|0,00|0,00|0,00|0|49||0,00|0,00|0,00|73|0,00|0,0000|||0,00|73|0,00|0,0000|||0,00||
|C100|0|1|96832076000152|55|00|101|45015|29171296832076000152551010000450151832269749|22122017|22122017|94500,00|1|0,00|0,00|94500,00|1|0,00|0,00|0,00|29398,95|5291,81|0,00|0,00|0,00|0,00|0,00|0,00|0,00|
|C170|1|6696|TRATOR AGRICOLA MF 250X COMPACTO|1,00000|UND|94500,00|0,00|0|020|1102|1102|29398,95|18,00|5291,81|0,00|0,00|0,00|0|49||0,00|0,00|0,00|73|0,00|0,0000|||0,00|73|0,00|0,0000|||0,00||
|C100|0|1|96832076000152|55|00|101|45016|29171296832076000152551010000450161910557368|22122017|22122017|94500,00|1|0,00|0,00|94500,00|1|0,00|0,00|0,00|29398,95|5291,81|0,00|0,00|0,00|0,00|0,00|0,00|0,00|
|C170|1|6696|TRATOR AGRICOLA MF 250X COMPACTO|1,00000|UND|94500,00|0,00|0|020|1102|1102|29398,95|18,00|5291,81|0,00|0,00|0,00|0|49||0,00|0,00|0,00|73|0,00|0,0000|||0,00|73|0,00|0,0000|||0,00||
|C100|0|1|96832076000152|55|00|101|45067|29171296832076000152551010000450671085302726|28122017|28122017|325,00|1|0,00|0,00|325,00|1|0,00|0,00|0,00|101,11|18,20|0,00|0,00|0,00|0,00|0,00|0,00|0,00|
|C170|1|6701|SEPARADOR|10,00000|UND|325,00|0,00|0|020|1102|1102|101,11|18,00|18,20|0,00|0,00|0,00|0|49||0,00|0,00|0,00|73|0,00|0,0000|||0,00|73|0,00|0,0000|||0,00||
|C100|0|1|04220135000113|55|00|0|46864|26171204220135000113550000000468641106070507|05122017|07122017|668,33|1|0,00|0,00|630,00|1|0,00|0,00|0,00|630,00|113,40|778,34|38,33|0,00|0,00|0,00|0,00|0,00|
|C170|1|6633|ENGATE RAPIDO|2,00000|UND|210,04|0,00|0|010|2403|2403|210,04|18,00|37,81|311,70|0,00|18,30|0|49||0,00|0,00|0,00|73|0,00|0,0000|||0,00|73|0,00|0,0000|||0,00||
|C170|2|6634|SUPORTE|1,00000|UND|63,34|0,00|0|010|2403|2403|63,34|18,00|11,40|94,00|0,00|5,52|0|49||0,00|0,00|0,00|73|0,00|0,0000|||0,00|73|0,00|0,0000|||0,00||
|C170|3|6635|PARAFUSO|2,00000|UND|6,00|0,00|0|010|2403|2403|6,00|18,00|1,08|8,90|0,00|0,52|0|49||0,00|0,00|0,00|73|0,00|0,0000|||0,00|73|0,00|0,0000|||0,00||
|C170|4|6636|ARRUELA LISA|2,00000|UND|3,45|0,00|0|010|2403|2403|3,45|17,97|0,62|5,12|0,00|0,30|0|49||0,00|0,00|0,00|73|0,00|0,0000|||0,00|73|0,00|0,0000|||0,00||
|C170|5|6637|ANEL|2,00000|UND|0,58|0,00|0|010|2403|2403|0,58|17,24|0,10|0,86|0,00|0,05|0|49||0,00|0,00|0,00|73|0,00|0,0000|||0,00|73|0,00|0,0000|||0,00||
|C170|6|6638|ANEL|2,00000|UND|1,42|0,00|0|010|2403|2403|1,42|18,31|0,26|2,11|0,00|0,12|0|49||0,00|0,00|0,00|73|0,00|0,0000|||0,00|73|0,00|0,0000|||0,00||
|C170|7|6639|VEDADOR DUPLO|2,00000|UND|70,68|0,00|0|010|2403|2403|70,68|18,00|12,72|104,89|0,00|6,16|0|49||0,00|0,00|0,00|73|0,00|0,0000|||0,00|73|0,00|0,0000|||0,00||
|C170|8|6640|INSERTO METALICO|1,00000|PC|84,49|0,00|0|010|2403|2403|84,49|18,00|15,21|125,38|0,00|7,36|0|49||0,00|0,00|0,00|73|0,00|0,0000|||0,00|73|0,00|0,0000|||0,00||
|C170|9|6641|EIXO MEXEDOR|1,00000|UND|190,00|0,00|0|010|2403|2403|190,00|18,00|34,20|125,38|0,00|7,36|0|49||0,00|0,00|0,00|73|0,00|0,0000|||0,00|73|0,00|0,0000|||0,00||
|C100|0|1|04220135000113|55|00|0|46942|26171204220135000113550000000469421602000900|15122017|16122017|439,75|1|0,00|0,00|404,56|1|0,00|0,00|0,00|404,56|72,82|600,07|35,19|0,00|0,00|0,00|0,00|0,00|
|C170|1|1633|PORCA CASTELO 1.1/8|1,00000|PC|11,62|0,00|0|010|2403|2403|11,62|17,99|2,09|17,24|0,00|1,01|0|49||0,00|0,00|0,00|73|0,00|0,0000|||0,00|73|0,00|0,0000|||0,00||
|C170|2|5374|ARRUELA TRAVA - VALMET|1,00000|PC|6,80|0,00|0|010|2403|2403|6,80|17,94|1,22|10,09|0,00|0,60|0|49||0,00|0,00|0,00|73|0,00|0,0000|||0,00|73|0,00|0,0000|||0,00||
|C170|3|6675|ROLAMENTO|1,00000|UND|33,54|0,00|0|010|2403|2403|33,54|18,01|6,04|49,48|0,00|2,87|0|49||0,00|0,00|0,00|73|0,00|0,0000|||0,00|73|0,00|0,0000|||0,00||
|C170|4|6676|POLIA|1,00000|UND|287,54|0,00|0|010|2403|2403|287,54|18,00|51,76|426,71|0,00|25,05|0|49||0,00|0,00|0,00|73|0,00|0,0000|||0,00|73|0,00|0,0000|||0,00||
|C170|5|6677|ARRUELA LISA|1,00000|UND|11,17|0,00|0|010|2403|2403|11,17|17,99|2,01|16,58|0,00|0,97|0|49||0,00|0,00|0,00|73|0,00|0,0000|||0,00|73|0,00|0,0000|||0,00||
|C170|6|6678|GARFO DO FREIO|2,00000|UND|53,89|0,00|0|010|2403|2403|53,89|18,00|9,70|79,97|0,00|4,69|0|49||0,00|0,00|0,00|73|0,00|0,0000|||0,00|73|0,00|0,0000|||0,00||
|C100|0|1|04220135000113|55|00|0|47002|26171204220135000113550000000470021000300108|27122017|28122017|761,23|2|0,00|0,00|700,00|1|0,00|0,00|0,00|702,90|126,53|1043,10|61,23|0,00|0,00|0,00|0,00|0,00|
|C170|1|4544|APOIO DESLIZANTE - VALMET|4,00000|PC|10,00|0,00|0|010|2403|2403|10,00|18,00|1,80|14,84|0,00|0,87|0|49||0,00|0,00|0,00|73|0,00|0,0000|||0,00|73|0,00|0,0000|||0,00||
|C170|2|5348|PORCA M3 5 X 1,5 - VALMET LB3011|1,00000|PC|45,37|0,00|0|010|2403|2403|45,37|18,01|8,17|67,33|0,00|3,95|0|49||0,00|0,00|0,00|73|0,00|0,0000|||0,00|73|0,00|0,0000|||0,00||
|C170|3|6036|MOLA DE TRAVA|1,00000|UND|1,49|0,00|0|010|2403|2403|1,49|18,12|0,27|2,21|0,00|0,13|0|49||0,00|0,00|0,00|73|0,00|0,0000|||0,00|73|0,00|0,0000|||0,00||
|C170|4|6699|BUCHA INTERMEDIARIA|1,00000|UND|233,43|0,00|0|010|2403|2403|236,33|18,00|42,54|350,71|0,00|20,59|0|49||0,00|0,00|0,00|73|0,00|0,0000|||0,00|73|0,00|0,0000|||0,00||
|C170|5|6700|PAR ROCADOR|2,00000|UND|409,71|0,00|0|010|2403|2403|409,71|18,00|73,75|608,01|0,00|35,69|0|49||0,00|0,00|0,00|73|0,00|0,0000|||0,00|73|0,00|0,0000|||0,00||
|C100|0|1|02991409000142|55|00|1|66176|29171202991409000142550010000661761111001122|01122017|01122017|69,45|1|0,00|0,00|69,45|9|0,00|0,00|0,00|0,00|0,00|0,00|0,00|0,00|0,55|2,53|0,00|0,00|
|C170|1|2293|MANGUEIRA 3/4|2,00000|PC|33,25|0,00|0|060|1403|1403|0,00|0,00|0,00|0,00|0,00|0,00|0|||0,00|0,00|0,00|01|33,25|1,6500|||0,55|01|33,25|7,6000|||2,53||
|C170|2|5990|CONECTOR 3/4 X 3/4 PORCA GARRA|1,00000|PC|13,49|0,00|0|060|1403|1403|0,00|0,00|0,00|0,00|0,00|0,00|0|||0,00|0,00|0,00|06|0,00|0,0000|||0,00|06|0,00|0,0000|||0,00||
|C170|3|6615|CURVA MACHO/FEMEA|1,00000|PC|22,70|0,00|0|060|1403|1403|0,00|0,00|0,00|0,00|0,00|0,00|0|||0,00|0,00|0,00|01|0,00|0,0000|||0,00|01|0,00|0,0000|||0,00||
|C100|0|1|02991409000142|55|00|1|66350|29171202991409000142550010000663501111007125|07122017|08122017|121,75|1|0,00|0,00|121,75|1|0,00|0,00|0,00|121,75|21,91|0,00|0,00|0,00|0,79|3,66|0,00|0,00|
|C170|1|6644|PENEIRA AREIA|1,00000|PC|25,18|0,00|0|000|1102|1102|25,18|17,99|4,53|0,00|0,00|0,00|0|49||0,00|0,00|0,00|73|25,18|0,6500|||0,16|73|25,18|3,0000|||0,76||
|C170|2|6645|RODA MACICA|1,00000|PC|96,57|0,00|0|000|1102|1102|96,57|18,00|17,38|0,00|0,00|0,00|0|49||0,00|0,00|0,00|73|96,57|0,6500|||0,63|73|96,57|3,0000|||2,90||
|C100|0|1|45127545000444|55|00|1|78433|35171245127545000444550010000784331106729266|04122017|14122017|1925,24|1|0,00|0,00|1556,41|1|0,00|0,00|0,00|1556,41|95,96|2333,76|350,20|18,63|35,78|168,08|0,00|0,00|
|C170|1|217|CRUZETA  CC36|12,00000|PC|210,60|0,00|0|010|2403|2403|210,60|4,00|8,42|423,54|0,00|67,82|0|49||0,00|0,00|0,00|73|210,60|2,3000|||4,84|73|210,60|10,8000|||22,74||
|C170|2|223|TERMINAL ENGATE RAPIDO|8,00000|PC|196,80|0,00|0|010|2403|2403|196,80|7,00|13,78|383,41|0,00|55,23|0|49||0,00|0,00|0,00|73|196,80|2,3000|||4,53|73|196,80|10,8000|||21,25||
|C170|3|225|TERMINAL FURO RODONDO|4,00000|PC|84,28|0,00|0|010|2403|2403|84,28|7,00|5,90|164,19|0,00|23,65|0|49||0,00|0,00|0,00|73|84,28|2,3000|||1,94|73|84,28|10,8000|||9,10||
|C170|4|227|CRUZETA CC04|10,00000|PC|131,40|0,00|0|010|2403|2403|131,40|4,00|5,26|264,26|0,00|42,31|0|49||0,00|0,00|0,00|73|131,40|2,3000|||3,02|73|131,40|10,8000|||14,19||
|C170|5|230|TUBO QUADRADO|5,00000|PC|135,15|0,00|0|000|2102|2102|135,15|7,00|9,46|0,00|0,00|0,00|0|49||135,15|5,00|6,76|73|135,15|2,3000|||3,11|73|135,15|10,8000|||14,60||
|C170|6|235|TERMINAL FURO QUADRADO|6,00000|PC|110,58|0,00|0|010|2403|2403|110,58|7,00|7,74|215,43|0,00|31,04|0|49||0,00|0,00|0,00|73|110,58|2,3000|||2,54|73|110,58|10,8000|||11,94||
|C170|7|267|TERMINAL FURO QUADRADO|5,00000|PC|89,95|0,00|0|010|2403|2403|89,95|7,00|6,30|175,24|0,00|25,24|0|49||0,00|0,00|0,00|73|89,95|2,3000|||2,07|73|89,95|10,8000|||9,71||
|C170|8|270|TERMINAL ENGATE RAPIDO|5,00000|PC|83,30|0,00|0|010|2403|2403|83,30|7,00|5,83|162,29|0,00|23,38|0|49||0,00|0,00|0,00|73|83,30|2,3000|||1,92|73|83,30|10,8000|||9,00||
|C170|9|274|TERMINAL FURO QUADRADO|4,00000|PC|41,96|0,00|0|010|2403|2403|41,96|7,01|2,94|81,75|0,00|11,78|0|49||0,00|0,00|0,00|73|41,96|2,3000|||0,97|73|41,96|10,8000|||4,53||
|C170|10|277|TUBO QUADRADO FEMIA|3,00000|PC|57,93|0,00|0|000|2102|2102|57,93|7,01|4,06|0,00|0,00|0,00|0|49||57,93|5,00|2,90|73|57,93|2,3000|||1,33|73|57,93|10,8000|||6,26||
|C170|11|279|BARRA QUADRADA|3,00000|PC|94,95|0,00|0|000|2102|2102|94,95|7,00|6,65|0,00|0,00|0,00|0|49||94,95|5,00|4,75|73|94,95|2,3000|||2,18|73|94,95|10,8000|||10,25||
|C170|12|282|TERMINAL FURO QUADRADO|4,00000|PC|38,44|0,00|0|010|2403|2403|38,44|7,00|2,69|74,89|0,00|10,79|0|49||0,00|0,00|0,00|73|38,44|2,3000|||0,88|73|38,44|10,8000|||4,15||
|C170|13|300|CRUZETA CW200|2,00000|PC|28,04|0,00|0|010|2403|2403|28,04|3,99|1,12|56,39|0,00|9,03|0|49||0,00|0,00|0,00|73|28,04|2,3000|||0,64|73|28,04|10,8000|||3,03||
|C170|14|314|TERMINAL FURO OVAL|2,00000|PC|33,32|0,00|0|010|2403|2403|33,32|6,99|2,33|64,91|0,00|9,35|0|49||0,00|0,00|0,00|73|33,32|2,3000|||0,77|73|33,32|10,8000|||3,60||
|C170|15|1466|TERMINAL FURO REDONDO|1,00000|PC|14,02|0,00|0|010|2403|2403|14,02|6,99|0,98|27,31|0,00|3,94|0|49||0,00|0,00|0,00|73|14,02|2,3000|||0,32|73|14,02|10,8000|||1,51||
|C170|16|1937|CRUZETA|3,00000|PC|63,21|0,00|0|010|2403|2403|63,21|4,00|2,53|127,12|0,00|20,35|0|49||0,00|0,00|0,00|73|63,21|2,3000|||1,45|73|63,21|10,8000|||6,83||
|C170|17|1938|TERMINAL ENGATE RAPIDO|2,00000|PC|58,02|0,00|0|010|2403|2403|58,02|7,00|4,06|113,03|0,00|16,29|0|49||0,00|0,00|0,00|73|58,02|2,3000|||1,33|73|58,02|10,8000|||6,27||
|C170|18|1941|TUBO TRIANGULAR MACHO|2,00000|PC|84,46|0,00|0|000|2102|2102|84,46|7,00|5,91|0,00|0,00|0,00|0|49||84,46|5,00|4,22|73|84,46|2,3000|||1,94|73|84,46|10,8000|||9,12||
|C100|0|1|77310589000159|55|00|2|144321|35171177310589000159550020001443211003268731|27112017|08122017|1230,62|1|0,00|0,00|972,73|1|0,00|0,00|0,00|959,57|58,16|1660,22|248,89|0,00|6,25|36,62|0,00|0,00|
|C170|1|638|COXIM DO TANQUE|16,00000|PC|42,56|0,00|0|010|2403|2403|42,95|7,01|3,01|83,68|0,00|12,05|0|49||0,00|0,00|0,00|73|0,00|0,0000|||0,00|73|0,00|0,0000|||0,00||
|C170|2|1402|FILTRO DO HIDRAULICO|1,00000|PC|81,09|0,00|0|010|2403|2403|81,84|7,00|5,73|159,44|0,00|22,97|0|49||0,00|0,00|0,00|73|0,00|0,0000|||0,00|73|0,00|0,0000|||0,00||
|C170|3|1842|FILTRO HIDRAULICO|3,00000|PC|156,93|0,00|0|010|2403|2403|158,38|7,00|11,09|308,56|0,00|44,45|0|49||0,00|0,00|0,00|73|0,00|0,0000|||0,00|73|0,00|0,0000|||0,00||
|C170|4|2562|ARRUELA|10,00000|PC|2,50|0,00|0|000|2102|2102|2,52|7,14|0,18|0,00|0,00|0,00|0|49||0,00|0,00|0,00|73|2,52|1,6500|||0,04|73|2,52|7,6000|||0,19||
|C170|5|3631|VALVULA|5,00000|PC|82,65|0,00|0|020|2102|2102|61,25|7,00|4,29|0,00|0,00|0,00|0|49||0,00|0,00|0,00|73|0,00|0,0000|||0,00|73|0,00|0,0000|||0,00||
|C170|6|3955|ANEL|5,00000|PC|27,25|0,00|0|000|2102|2102|27,50|7,02|1,93|0,00|0,00|0,00|0|49||0,00|0,00|0,00|73|27,50|1,6500|||0,45|73|27,50|7,6000|||2,09||
|C170|7|5656|ANEL VALMET|3,00000|PC|32,25|0,00|0|010|2403|2403|32,55|7,00|2,28|63,41|0,00|9,13|0|49||0,00|0,00|0,00|73|0,00|0,0000|||0,00|73|0,00|0,0000|||0,00||
|C170|8|5681|BUCHA EIXO CARRARO|4,00000|UND|201,88|0,00|0|010|2403|2403|203,75|7,00|14,26|396,95|0,00|57,19|0|49||0,00|0,00|0,00|73|0,00|0,0000|||0,00|73|0,00|0,0000|||0,00||
|C170|9|5868|CINTA COM SUPORTE|1,00000|UND|25,59|0,00|0|000|2102|2102|25,84|7,00|1,81|0,00|0,00|0,00|0|49||0,00|0,00|0,00|73|25,84|1,6500|||0,43|73|25,84|7,6000|||1,96||
|C170|10|5884|ALCA C/ PARAFUSO|1,00000|PC|21,83|0,00|0|010|2403|2403|22,03|6,99|1,54|42,92|0,00|6,19|0|49||0,00|0,00|0,00|73|22,03|1,6500|||0,36|73|28,22|7,6000|||2,14||
|C170|11|6050|ROLAMENTO|4,00000|UND|298,20|0,00|0|010|2403|2403|300,96|4,00|12,04|605,26|0,00|96,91|0|49||0,00|0,00|0,00|73|300,96|1,6500|||4,97|73|397,87|7,6000|||30,24||
|C100|0|1|77310589000159|55|00|2|144383|35171177310589000159550020001443831003648804|27112017|08122017|843,55|1|0,00|0,00|688,95|1|0,00|0,00|0,00|697,95|48,85|1010,61|145,60|0,00|2,95|13,63|0,00|0,00|
|C170|1|2263|PARAFUSO COM VOLANTE|5,00000|PC|54,00|0,00|0|000|2102|2102|54,71|7,00|3,83|0,00|0,00|0,00|0|49||0,00|0,00|0,00|73|54,71|1,6500|||0,90|73|54,71|7,6000|||4,16||
|C170|2|2378|POLIA|1,00000|PC|512,05|0,00|0|010|2403|2403|518,74|7,00|36,31|1010,61|0,00|145,60|0|49||0,00|0,00|0,00|73|0,00|0,0000|||0,00|73|0,00|0,0000|||0,00||
|C170|3|3337|PARAFUSO|5,00000|PC|94,50|0,00|0|000|2102|2102|95,73|7,00|6,70|0,00|0,00|0,00|0|49||0,00|0,00|0,00|73|95,73|1,6500|||1,58|73|95,73|7,6000|||7,28||
|C170|4|3431|ARRUELA LISA|2,00000|PC|28,40|0,00|0|000|2102|2102|28,77|6,99|2,01|0,00|0,00|0,00|0|49||0,00|0,00|0,00|73|28,77|1,6500|||0,47|73|28,77|7,6000|||2,19||
|C100|0|1|77310589000159|55|00|2|146029|35171277310589000159550020001460291007198015|05122017|12122017|2292,89|1|0,00|0,00|2051,39|1|0,00|0,00|0,00|2004,79|140,34|1592,93|229,50|0,00|11,25|56,92|0,00|0,00|
|C170|1|55|PA DO VENTILADOR|20,00000|PC|656,80|0,00|0|000|2102|2102|660,64|7,00|46,24|0,00|0,00|0,00|0|49||0,00|0,00|0,00|73|0,00|0,0000|||0,00|73|0,00|0,0000|||0,00||
|C170|2|783|VEDACAO DA FLANGE|20,00000|PC|26,20|0,00|0|010|2403|2403|26,35|6,98|1,84|51,34|0,00|7,40|0|49||0,00|0,00|0,00|73|26,35|1,6500|||0,43|73|33,75|7,6000|||2,57||
|C170|3|1322|ANEL DE CERAMICA|2,00000|PC|54,08|0,00|0|000|2102|2102|54,40|7,00|3,81|0,00|0,00|0,00|0|49||0,00|0,00|0,00|73|54,40|1,6500|||0,90|73|54,40|7,6000|||4,13||
|C170|4|2065|BICO DE 1/2|5,00000|PC|326,45|0,00|0|000|2102|2102|328,36|7,00|22,99|0,00|0,00|0,00|0|49||0,00|0,00|0,00|73|328,36|1,6500|||5,42|73|328,36|7,6000|||24,96||
|C170|5|2111|CLIP P/MANGUEIRA|20,00000|PC|21,80|0,00|0|000|2102|2102|21,93|7,02|1,54|0,00|0,00|0,00|0|49||0,00|0,00|0,00|73|21,93|1,6500|||0,36|73|21,93|7,6000|||1,67||
|C170|6|3006|NIPLE DUPLO|2,00000|PC|30,98|0,00|0|000|2102|2102|31,16|7,00|2,18|0,00|0,00|0,00|0|49||0,00|0,00|0,00|73|31,16|1,6500|||0,51|73|31,16|7,6000|||2,37||
|C170|7|4595|BICO CONEXAO|4,00000|PC|140,64|0,00|0|020|2102|2102|82,86|7,00|5,80|0,00|0,00|0,00|0|49||0,00|0,00|0,00|73|0,00|0,0000|||0,00|73|0,00|0,0000|||0,00||
|C170|8|5053|PROTETOR INTERNO|5,00000|UND|7,75|0,00|0|000|2102|2102|7,80|7,05|0,55|0,00|0,00|0,00|0|49||0,00|0,00|0,00|73|7,80|1,6500|||0,13|73|7,80|7,6000|||0,59||
|C170|9|5092|POLIA 85 12 3V|1,00000|PC|206,52|0,00|0|010|2403|2403|207,73|7,00|14,54|404,70|0,00|58,31|0|49||0,00|0,00|0,00|73|0,00|0,0000|||0,00|73|0,00|0,0000|||0,00||
|C170|10|5537|SUPORTE ENGATE|1,00000|PC|210,75|0,00|0|010|2403|2403|211,98|7,00|14,84|412,98|0,00|59,50|0|49||0,00|0,00|0,00|73|211,98|1,6500|||3,50|73|271,48|7,6000|||20,63||
|C170|11|6200|POLIA 353946|1,00000|PC|369,42|0,00|0|010|2403|2403|371,58|7,00|26,01|723,91|0,00|104,29|0|49||0,00|0,00|0,00|73|0,00|0,0000|||0,00|73|0,00|0,0000|||0,00||
|C100|0|1|77310589000159|55|00|2|146031|35171277310589000159550020001460311001828732|05122017|12122017|273,89|1|0,00|0,00|201,86|1|0,00|0,00|0,00|213,86|14,97|416,64|60,03|0,00|0,00|0,00|0,00|0,00|
|C170|1|2229|VIRABREQUIM|1,00000|PC|189,00|0,00|0|010|2403|2403|200,24|7,00|14,02|390,11|0,00|56,20|0|49||0,00|0,00|0,00|73|0,00|0,0000|||0,00|73|0,00|0,0000|||0,00||
|C170|2|6650|JUNTA VEDACAO|1,00000|PC|12,86|0,00|0|010|2403|2403|13,62|6,98|0,95|26,53|0,00|3,83|0|49||0,00|0,00|0,00|73|0,00|0,0000|||0,00|73|0,00|0,0000|||0,00||
|C100|0|1|77310589000159|55|00|2|146515|35171277310589000159550020001465151003721351|07122017|13122017|8444,03|1|0,00|0,00|6624,17|1|0,00|0,00|0,00|6643,17|465,01|12499,81|1800,86|0,00|34,45|198,39|0,00|0,00|
|C170|1|745|CORREIA 3VX-0450|10,00000|PC|274,60|0,00|0|010|2403|2403|275,39|7,00|19,28|536,51|0,00|77,29|0|49||0,00|0,00|0,00|73|275,39|1,6500|||4,54|73|352,68|7,6000|||26,80||
|C170|2|773|PARAFUSO SEXT. 5/16|20,00000|PC|6,80|0,00|0|000|2102|2102|6,82|7,04|0,48|0,00|0,00|0,00|0|49||0,00|0,00|0,00|73|6,82|1,6500|||0,11|73|6,82|7,6000|||0,52||
|C170|3|1230|POLIA ESTICADORA|3,00000|PC|140,28|0,00|0|000|2102|2102|140,68|7,00|9,85|0,00|0,00|0,00|0|49||0,00|0,00|0,00|73|140,68|1,6500|||2,32|73|140,68|7,6000|||10,69||
|C170|4|1235|EIXO|3,00000|PC|54,18|0,00|0|010|2403|2403|54,34|6,99|3,80|105,87|0,00|15,26|0|49||0,00|0,00|0,00|73|0,00|0,0000|||0,00|73|0,00|0,0000|||0,00||
|C170|5|1399|EIXO|2,00000|PC|61,70|0,00|0|010|2403|2403|61,88|7,00|4,33|120,55|0,00|17,37|0|49||0,00|0,00|0,00|73|0,00|0,0000|||0,00|73|0,00|0,0000|||0,00||
|C170|6|1861|CORREIA|42,00000|PC|1221,78|0,00|0|010|2403|2403|1225,28|7,00|85,77|2387,09|0,00|343,91|0|49||0,00|0,00|0,00|73|1225,28|1,6500|||20,22|73|1569,19|7,6000|||119,26||
|C170|7|1901|CORREIA B42|19,00000|PC|359,29|0,00|0|010|2403|2403|360,32|7,00|25,22|701,98|0,00|101,14|0|49||0,00|0,00|0,00|73|360,32|1,6500|||5,95|73|461,46|7,6000|||35,07||
|C170|8|3630|VEDACAO|10,00000|PC|14,50|0,00|0|010|2403|2403|14,54|7,02|1,02|28,33|0,00|4,08|0|49||0,00|0,00|0,00|73|0,00|0,0000|||0,00|73|0,00|0,0000|||0,00||
|C170|9|4000|MEXEDOR|3,00000|PC|1440,00|0,00|0|010|2403|2403|1444,13|7,00|101,09|2813,45|0,00|405,33|0|49||0,00|0,00|0,00|73|0,00|0,0000|||0,00|73|0,00|0,0000|||0,00||
|C170|10|6502|BUJAO DE FREIO|5,00000|PC|64,35|0,00|0|000|2102|2102|64,54|7,00|4,52|0,00|0,00|0,00|0|49||0,00|0,00|0,00|73|64,54|1,6500|||1,06|73|64,54|7,6000|||4,91||
|C170|11|6651|ARRUELA LISA|3,00000|PC|8,31|0,00|0|000|2102|2102|8,33|6,96|0,58|0,00|0,00|0,00|0|49||0,00|0,00|0,00|73|8,33|1,6500|||0,14|73|8,33|7,6000|||0,63||
|C170|12|6652|ENGATE|4,00000|PC|2971,68|0,00|0|010|2403|2403|2980,20|7,00|208,61|5806,03|0,00|836,48|0|49||0,00|0,00|0,00|73|0,00|0,0000|||0,00|73|0,00|0,0000|||0,00||
|C170|13|6653|PARAFUSO DE ACO|10,00000|PC|3,20|0,00|0|000|2102|2102|3,21|6,85|0,22|0,00|0,00|0,00|0|49||0,00|0,00|0,00|73|3,21|1,6500|||0,05|73|3,21|7,6000|||0,24||
|C170|14|6654|PORCA|10,00000|PC|1,30|0,00|0|000|2102|2102|1,30|6,92|0,09|0,00|0,00|0,00|0|49||0,00|0,00|0,00|73|1,30|1,6500|||0,02|73|1,30|7,6000|||0,10||
|C170|15|6655|ARRUELA LISA|10,00000|PC|2,20|0,00|0|000|2102|2102|2,21|6,79|0,15|0,00|0,00|0,00|0|49||0,00|0,00|0,00|73|2,21|1,6500|||0,04|73|2,21|7,6000|||0,17||
|C100|0|1|77310589000159|55|00|2|149252|35171277310589000159550020001492521005213974|26122017|27122017|2622,82|1|0,00|0,00|2040,00|1|0,00|0,00|0,00|2048,00|143,36|3989,91|574,82|0,00|0,00|0,00|0,00|0,00|
|C170|1|6652|ENGATE|4,00000|PC|2040,00|0,00|0|010|2403|2403|2048,00|7,00|143,36|3989,91|0,00|574,82|0|49||0,00|0,00|0,00|73|0,00|0,0000|||0,00|73|0,00|0,0000|||0,00||
|C100|0|1|03281625000167|55|00|1|155175|35171203281625000167550010001551751000164587|15122017|26122017|1168,17|1|0,00|0,00|866,46|1|0,00|0,00|0,00|866,46|60,65|1772,43|258,39|43,32|19,93|93,58|0,00|0,00|
|C170|1|4159|BOMBA D AGUA COM POLIA|6,00000|PC|866,46|0,00|0|010|2403|2403|866,46|7,00|60,65|1772,43|0,00|258,39|0|49||866,46|5,00|43,32|73|866,46|2,3000|||19,93|73|866,46|10,8000|||93,58||
|C100|0|1|86375425000109|55|00|1|232756|42171186375425000109550010002327561797269158|29112017|09122017|3084,77|1|0,00|0,00|2937,88|1|0,00|0,00|0,00|1721,01|120,47|0,00|0,00|146,89|48,48|223,28|0,00|0,00|
|C170|1|2099|BICO SUBSOLADOR REFORCADO|100,00000|PC|2937,88|0,00|0|020|2102|2102|1721,01|7,00|120,47|0,00|0,00|0,00|0|49||2937,88|5,00|146,89|73|2937,88|1,6500|||48,48|73|2937,88|7,6000|||223,28||
|C100|0|1|52311347000906|55|00|1|284928|35171152311347000906550010002849281764781420|22112017|27122017|22295,00|2|0,00|0,00|22295,00|1|0,00|0,00|0,00|13060,41|914,23|0,00|0,00|0,00|221,93|1065,27|0,00|0,00|
|C170|1|3296|ROCADEIRA 1,50M TRANSMISSAO C/ CORREIA|1,00000|UND|7385,00|0,00|0|020|2117|2117|4326,13|7,00|302,83|0,00|0,00|0,00|0|49||0,00|0,00|0,00|73|3675,65|2,0000|||73,51|73|3675,65|9,6000|||352,86||
|C170|2|3297|ROCADEIRA 1,70M TRANSMISSAO C/ CORREIA|1,00000|UND|7845,00|0,00|0|020|2117|2117|4595,60|7,00|321,69|0,00|0,00|0,00|0|49||0,00|0,00|0,00|73|3904,60|2,0000|||78,09|73|3904,60|9,6000|||374,84||
|C170|3|3610|ROCADEIRA 1,70M TRANS. DIREITA|1,00000|UND|7065,00|0,00|0|020|2117|2117|4138,68|7,00|289,71|0,00|0,00|0,00|0|49||0,00|0,00|0,00|73|3516,38|2,0000|||70,33|73|3516,38|9,6000|||337,57||
|C100|0|1|52311347000906|55|00|1|286204|35171252311347000906550010002862041581703058|04122017|22122017|3839,12|2|0,00|0,00|3629,14|1|0,00|0,00|0,00|2339,54|163,78|0,00|0,00|209,98|38,88|185,21|0,00|0,00|
|C170|1|1091|JUMELO DE ENGATE|2,00000|PC|287,78|0,00|0|020|2117|2117|168,58|7,00|11,80|0,00|0,00|0,00|0|49||287,78|5,00|14,39|73|143,23|2,0000|||2,86|73|143,23|9,6000|||13,75||
|C170|2|1093|CUBO DO RODA GRADÃO|1,00000|PC|74,06|0,00|0|020|2117|2117|43,38|7,01|3,04|0,00|0,00|0,00|0|49||74,06|5,00|3,70|73|36,86|2,0000|||0,74|73|36,86|9,6000|||3,54||
|C170|3|1099|POLIA 3 CANAIS ( CUBO )|1,00000|PC|137,83|0,00|0|000|2117|2117|137,83|7,00|9,65|0,00|0,00|0,00|0|49||137,83|12,00|16,54|73|128,18|1,6500|||2,11|73|128,18|7,6000|||9,74||
|C170|4|1104|BARRA|8,00000|PC|620,48|0,00|0|020|2117|2117|363,48|7,00|25,44|0,00|0,00|0,00|0|49||620,48|5,00|31,02|73|308,83|2,0000|||6,18|73|308,83|9,6000|||29,65||
|C170|5|1109|PINO CABECA FRANCESA|5,00000|PC|125,70|0,00|0|000|2117|2117|125,70|7,00|8,80|0,00|0,00|0,00|0|49||125,70|10,00|12,57|73|116,90|1,6500|||1,93|73|116,90|7,6000|||8,88||
|C170|6|1176|MANCAL A GRAXA|8,00000|PC|1321,44|0,00|0|020|2117|2117|774,10|7,00|54,19|0,00|0,00|0,00|0|49||1321,44|5,00|66,07|73|657,70|2,0000|||13,15|73|657,70|9,6000|||63,14||
|C170|7|1542|CHAPA DA UNIAO DO SUPORTE|2,00000|PC|47,68|0,00|0|020|2117|2117|27,93|7,02|1,96|0,00|0,00|0,00|0|49||47,68|5,00|2,38|73|23,73|2,0000|||0,47|73|23,73|9,6000|||2,28||
|C170|8|2051|LIMPADOR DIANTEIRO|6,00000|PC|130,02|0,00|0|020|2117|2117|76,17|7,00|5,33|0,00|0,00|0,00|0|49||130,02|5,00|6,50|73|64,71|2,0000|||1,29|73|64,71|9,6000|||6,21||
|C170|9|2053|LIMPADOR TRASEIRO|6,00000|PC|130,02|0,00|0|020|2117|2117|76,17|7,00|5,33|0,00|0,00|0,00|0|49||130,02|5,00|6,50|73|64,71|2,0000|||1,29|73|64,71|9,6000|||6,21||
|C170|10|3791|PORCA|1,00000|PC|43,94|0,00|0|000|2117|2117|43,94|7,01|3,08|0,00|0,00|0,00|0|49||43,94|10,00|4,39|73|40,86|1,6500|||0,67|73|40,86|7,6000|||3,11||
|C170|11|4845|BICO SULCADOR 16 X 5,00 MM|12,00000|PC|397,68|0,00|0|020|2117|2117|232,96|7,00|16,31|0,00|0,00|0,00|0|49||397,68|5,00|19,88|73|197,93|2,0000|||3,96|73|197,93|9,6000|||19,00||
|C170|12|6321|SUPORTE FLEXIVEL|1,00000|CJ|104,31|0,00|0|020|2117|2117|61,10|7,00|4,28|0,00|0,00|0,00|0|49||104,31|5,00|5,22|73|51,92|2,0000|||1,04|73|51,92|9,6000|||4,98||
|C170|13|6694|PINO LISO|30,00000|UND|208,20|0,00|0|000|2117|2117|208,20|7,00|14,57|0,00|0,00|0,00|0|49||208,20|10,00|20,82|73|193,63|1,6500|||3,19|73|193,63|7,6000|||14,72||
|C100|0|1|52311347000906|55|00|1|286438|35171252311347000906550010002864381154382523|05122017|20122017|5058,30|2|0,00|0,00|4817,43|1|0,00|0,00|0,00|2822,05|197,54|0,00|0,00|240,87|47,95|230,18|0,00|0,00|
|C170|1|2015|DISCO RECORTADO BALDAN 20 X 4,5|36,00000|PC|1956,60|0,00|0|020|2117|2117|1146,18|7,00|80,23|0,00|0,00|0,00|0|49||1956,60|5,00|97,83|73|973,84|2,0000|||19,48|73|973,84|9,6000|||93,49||
|C170|2|2223|DISCO ARADO RECORTADO|9,00000|PC|1163,61|0,00|0|020|2117|2117|681,64|7,00|47,71|0,00|0,00|0,00|0|49||1163,61|5,00|58,18|73|579,15|2,0000|||11,58|73|579,15|9,6000|||55,60||
|C170|3|2224|DISCO ARADO LISO 30|9,00000|PC|1697,22|0,00|0|020|2117|2117|994,23|7,00|69,60|0,00|0,00|0,00|0|49||1697,22|5,00|84,86|73|844,73|2,0000|||16,89|73|844,73|9,6000|||81,09||
|C100|0|1|52311289000163|55|00|0|349474|35171252311289000163550000003494741840754055|04122017|13122017|2822,46|1|0,00|0,00|2595,00|1|93,05|0,00|0,00|1574,39|110,21|0,00|0,00|134,41|27,90|133,93|0,00|0,00|
|C170|1|176|PAR ROCADOR 1.70M|10,00000|PC|1080,00|0,00|0|020|2102|2102|655,24|7,00|45,87|0,00|0,00|0,00|0|49||1118,73|5,00|55,94|73|580,62|2,0000|||11,61|73|580,62|9,6000|||55,74||
|C170|2|3522|PAR ROCADOR|15,00000|PC|1515,00|0,00|0|020|2102|2102|919,15|7,00|64,34|0,00|0,00|0,00|0|49||1569,32|5,00|78,47|73|814,48|2,0000|||16,29|73|814,48|9,6000|||78,19||
|C100|0|1|62933809000123|55|00|1|389662|35171162933809000123550010003896621004410875|29112017|07122017|2843,03|1|0,00|0,00|2264,54|1|0,00|0,00|0,00|2264,54|152,27|3943,53|568,14|10,35|6,91|31,88|0,00|0,00|
|C170|1|292|ROLAMENTO DE ROLOS|3,00000|PC|179,43|0,00|0|010|2403|2403|179,43|7,00|12,56|349,56|0,00|50,36|0|49||0,00|0,00|0,00|73|179,43|1,6500|||2,96|73|179,43|7,6000|||13,63||
|C170|2|2186|BOMBA DAGUA COM POLIA|2,00000|PC|348,30|0,00|0|010|2403|2403|348,30|7,00|24,38|678,55|0,00|97,75|0|49||0,00|0,00|0,00|73|0,00|0,0000|||0,00|73|0,00|0,0000|||0,00||
|C170|3|2530|BOMBA DAGUA SEM POLIA|1,00000|PC|163,13|0,00|0|010|2403|2403|163,13|6,99|11,41|317,80|0,00|45,79|0|49||0,00|0,00|0,00|73|0,00|0,0000|||0,00|73|0,00|0,0000|||0,00||
|C170|4|3758|BOMBA ALIMENTADORA|2,00000|PC|207,00|0,00|0|000|2102|2102|207,00|4,00|8,28|0,00|0,00|0,00|0|49||207,00|5,00|10,35|73|207,00|1,6500|||3,41|73|207,00|7,6000|||15,73||
|C170|5|5267|ENGRENAGEM PLANETARIA - TSA09|3,00000|PC|546,90|0,00|0|010|2403|2403|546,90|7,00|38,28|1065,47|0,00|153,50|0|49||0,00|0,00|0,00|73|0,00|0,0000|||0,00|73|0,00|0,0000|||0,00||
|C170|6|5813|EMBREMA TRIPLO TRIANGULO|1,00000|UND|107,52|0,00|0|010|2403|2403|107,52|6,99|7,52|209,47|0,00|30,18|0|49||0,00|0,00|0,00|73|0,00|0,0000|||0,00|73|0,00|0,0000|||0,00||
|C170|7|6628|PARA LAMA DIREITO|1,00000|PC|307,48|0,00|0|010|2403|2403|307,48|7,00|21,52|599,03|0,00|86,30|0|49||0,00|0,00|0,00|73|0,00|0,0000|||0,00|73|0,00|0,0000|||0,00||
|C170|8|6629|PARA LAMA ESQUERDO|1,00000|PC|307,48|0,00|0|010|2403|2403|307,48|7,00|21,52|599,03|0,00|86,30|0|49||0,00|0,00|0,00|73|0,00|0,0000|||0,00|73|0,00|0,0000|||0,00||
|C170|9|6630|GRADE DO RADIADOR|1,00000|PC|63,97|0,00|0|010|2403|2403|63,97|6,99|4,47|124,62|0,00|17,96|0|49||0,00|0,00|0,00|73|0,00|0,0000|||0,00|73|0,00|0,0000|||0,00||
|C170|10|6631|JG DE DECALQUE|1,00000|PC|11,04|0,00|0|000|2102|2102|11,04|6,97|0,77|0,00|0,00|0,00|0|49||0,00|0,00|0,00|73|11,04|1,6500|||0,18|73|11,04|7,6000|||0,83||
|C170|11|6632|JG DE DECALQUE|1,00000|PC|22,29|0,00|0|000|2102|2102|22,29|7,00|1,56|0,00|0,00|0,00|0|49||0,00|0,00|0,00|73|22,29|1,6500|||0,36|73|22,29|7,6000|||1,69||
|C100|0|1|62933809000123|55|00|1|390546|35171262933809000123550010003905461009152103|07122017|16122017|5895,04|1|0,00|0,00|4617,12|1|0,00|0,00|0,00|4617,12|284,33|8580,90|1277,92|0,00|40,49|189,01|0,00|0,00|
|C170|1|65|FILTRO CURTO - 836015106|10,00000|PC|63,70|0,00|0|010|2403|2403|63,70|6,99|4,45|124,10|0,00|17,88|0|49||0,00|0,00|0,00|73|63,70|1,6500|||1,05|73|63,70|7,6000|||4,84||
|C170|2|446|ANEL DO EMBOLO|32,00000|PC|45,76|0,00|0|010|2403|2403|45,76|6,99|3,20|89,14|0,00|12,84|0|49||0,00|0,00|0,00|73|0,00|0,0000|||0,00|73|0,00|0,0000|||0,00||
|C170|3|464|FAROL DE SERVICO - 81809600|4,00000|PC|209,60|0,00|0|010|2403|2403|209,60|7,00|14,67|408,34|0,00|58,83|0|49||0,00|0,00|0,00|73|0,00|0,0000|||0,00|73|0,00|0,0000|||0,00||
|C170|4|619|BUCHA DA MANGA DE EIXO|12,00000|PC|120,60|0,00|0|010|2403|2403|120,60|7,00|8,44|234,95|0,00|33,85|0|49||0,00|0,00|0,00|73|0,00|0,0000|||0,00|73|0,00|0,0000|||0,00||
|C170|5|698|TERMINAL CURTO GROSSO|4,00000|PC|132,00|0,00|0|010|2403|2403|132,00|7,00|9,24|257,16|0,00|37,04|0|49||0,00|0,00|0,00|73|0,00|0,0000|||0,00|73|0,00|0,0000|||0,00||
|C170|6|799|PARAFUSO DO ARO - 828217 / 119050|32,00000|PC|80,00|0,00|0|000|2102|2102|80,00|7,00|5,60|0,00|0,00|0,00|0|49||0,00|0,00|0,00|73|80,00|1,6500|||1,32|73|80,00|7,6000|||6,08||
|C170|7|937|PINO FIXADOR|6,00000|PC|14,04|0,00|0|000|2102|2102|14,04|6,98|0,98|0,00|0,00|0,00|0|49||0,00|0,00|0,00|73|14,04|1,6500|||0,23|73|14,04|7,6000|||1,06||
|C170|8|1030|RETENTOR DO MANCAL A GRAXA|10,00000|PC|80,10|0,00|0|010|2403|2403|80,10|6,99|5,60|156,05|0,00|22,48|0|49||0,00|0,00|0,00|73|80,10|1,6500|||1,32|73|80,10|7,6000|||6,08||
|C170|9|1056|ELEMENTO  DIESEL - 522564|3,00000|PC|127,77|0,00|0|010|2403|2403|127,77|4,00|5,11|256,95|0,00|41,14|0|49||0,00|0,00|0,00|73|127,77|1,6500|||2,10|73|127,77|7,6000|||9,71||
|C170|10|2810|FILTRO PSL123  - VALMET|3,00000|PC|43,77|0,00|0|010|2403|2403|43,77|6,99|3,06|85,27|0,00|12,28|0|49||0,00|0,00|0,00|73|0,00|0,0000|||0,00|73|0,00|0,0000|||0,00||
|C170|11|2867|FILTRO LUBRIFICANTE - PSL338|3,00000|PC|117,33|0,00|0|010|2403|2403|117,33|7,00|8,21|228,58|0,00|32,93|0|49||0,00|0,00|0,00|73|0,00|0,0000|||0,00|73|0,00|0,0000|||0,00||
|C170|12|3496|JOGO DE JUNTAS|1,00000|UND|153,85|0,00|0|010|2403|2403|153,85|6,99|10,76|299,73|0,00|43,19|0|49||0,00|0,00|0,00|73|153,85|1,6500|||2,53|73|153,85|7,6000|||11,69||
|C170|13|3539|PINO - 1X110MM  VALMET|20,00000|PC|160,20|0,00|0|000|2102|2102|160,20|7,00|11,21|0,00|0,00|0,00|0|49||0,00|0,00|0,00|73|160,20|1,6500|||2,64|73|160,20|7,6000|||12,17||
|C170|14|5968|REPARO DO CILINDRO DA LAMINA 44.4|6,00000|PC|154,08|0,00|0|010|2403|2403|154,08|7,00|10,78|300,17|0,00|43,25|0|49||0,00|0,00|0,00|73|154,08|1,6500|||2,54|73|154,08|7,6000|||11,71||
|C170|15|6663|PARA LAMA ESQUERDO|1,00000|PC|310,28|0,00|0|010|2403|2403|310,28|7,00|21,71|604,48|0,00|87,09|0|49||0,00|0,00|0,00|73|0,00|0,0000|||0,00|73|0,00|0,0000|||0,00||
|C170|16|6664|PARA LAMA DIREITO|1,00000|PC|310,28|0,00|0|010|2403|2403|310,28|7,00|21,71|604,48|0,00|87,09|0|49||0,00|0,00|0,00|73|0,00|0,0000|||0,00|73|0,00|0,0000|||0,00||
|C170|17|6665|GRADE DO RAD P/ FAROL LATERAL|1,00000|PC|103,28|0,00|0|010|2403|2403|103,28|6,99|7,22|201,21|0,00|28,99|0|49||0,00|0,00|0,00|73|0,00|0,0000|||0,00|73|0,00|0,0000|||0,00||
|C170|18|6666|VIRABREQUIM|1,00000|PC|1163,70|0,00|0|010|2403|2403|1163,70|4,00|46,54|2340,31|0,00|374,71|0|49||1163,70|0,00|0,00|73|1163,70|2,3000|||26,76|73|1163,70|10,8000|||125,67||
|C170|19|6667|JG BRONZ STD MANCAL|1,00000|PC|143,11|0,00|0|010|2403|2403|143,11|6,99|10,01|278,80|0,00|40,17|0|49||0,00|0,00|0,00|73|0,00|0,0000|||0,00|73|0,00|0,0000|||0,00||
|C170|20|6668|JG BRONZ STD BIELA|1,00000|PC|100,80|0,00|0|010|2403|2403|100,80|6,99|7,05|196,37|0,00|28,29|0|49||0,00|0,00|0,00|73|0,00|0,0000|||0,00|73|0,00|0,0000|||0,00||
|C170|21|6669|PISTAO E ANEL DO MOTOR|3,00000|PC|710,04|0,00|0|010|2403|2403|710,04|7,00|49,70|1383,29|0,00|199,29|0|49||0,00|0,00|0,00|73|0,00|0,0000|||0,00|73|0,00|0,0000|||0,00||
|C170|22|6670|LATERAL LADO DIREITO|1,00000|PC|131,64|0,00|0|010|2403|2403|131,64|7,00|9,21|256,46|0,00|36,95|0|49||0,00|0,00|0,00|73|0,00|0,0000|||0,00|73|0,00|0,0000|||0,00||
|C170|23|6671|LATERAL LADO ESQUERDO|1,00000|PC|131,64|0,00|0|010|2403|2403|131,64|7,00|9,21|256,46|0,00|36,95|0|49||0,00|0,00|0,00|73|0,00|0,0000|||0,00|73|0,00|0,0000|||0,00||
|C170|24|6674|JG DE DECALQUE|1,00000|PC|9,55|0,00|0|010|2403|2403|9,55|6,91|0,66|18,60|0,00|2,68|0|49||0,00|0,00|0,00|73|0,00|0,0000|||0,00|73|0,00|0,0000|||0,00||
|C100|0|1|62933809000123|55|00|1|391182|35171262933809000123550010003911821003810736|13122017|22122017|5091,07|1|0,00|0,00|4479,03|1|0,00|0,00|0,00|4366,07|305,57|4248,19|612,04|0,00|33,39|153,93|0,00|0,00|
|C170|1|394|BRACO NIVELADOR ESQ.|2,00000|PC|279,00|0,00|0|010|2403|2403|279,00|7,00|19,53|543,54|0,00|78,30|0|49||0,00|0,00|0,00|73|0,00|0,0000|||0,00|73|0,00|0,0000|||0,00||
|C170|2|407|BRACO NIVELADOR|2,00000|PC|588,42|0,00|0|010|2403|2403|588,42|7,00|41,18|1146,35|0,00|165,16|0|49||0,00|0,00|0,00|73|0,00|0,0000|||0,00|73|0,00|0,0000|||0,00||
|C170|3|1192|PARAFUSO 3/4X3 MANCAL GRADE - 60203102405|30,00000|PC|272,70|0,00|0|020|2102|2102|159,74|7,00|11,18|0,00|0,00|0,00|0|49||0,00|0,00|0,00|73|0,00|0,0000|||0,00|73|0,00|0,0000|||0,00||
|C170|4|1267|COLETOR DE ESCAPE|1,00000|PC|118,73|0,00|0|010|2403|2403|118,73|7,00|8,31|231,30|0,00|33,32|0|49||0,00|0,00|0,00|73|0,00|0,0000|||0,00|73|0,00|0,0000|||0,00||
|C170|5|1438|SILENCIOSO MF 275|1,00000|PC|47,70|0,00|0|010|2403|2403|47,70|6,98|3,33|92,92|0,00|13,39|0|49||0,00|0,00|0,00|73|0,00|0,0000|||0,00|73|0,00|0,0000|||0,00||
|C170|6|2348|COTOVELO|1,00000|PC|132,68|0,00|0|010|2403|2403|132,68|6,99|9,28|258,48|0,00|37,24|0|49||0,00|0,00|0,00|73|0,00|0,0000|||0,00|73|0,00|0,0000|||0,00||
|C170|7|3390|PORCA R. DIANTEIRA ( 586160 ) - VALMET|50,00000|PC|29,00|0,00|0|000|2102|2102|29,00|7,00|2,03|0,00|0,00|0,00|0|49||0,00|0,00|0,00|73|29,00|1,6500|||0,47|73|29,00|7,6000|||2,20||
|C170|8|3455|BOMBA HIDRAULICA|2,00000|PC|1361,74|0,00|0|000|2102|2102|1361,74|7,00|95,32|0,00|0,00|0,00|0|49||0,00|0,00|0,00|73|1361,74|1,6500|||22,46|73|1361,74|7,6000|||103,49||
|C170|9|3743|PARAFUSO 82128300 - VALMET|52,00000|PC|56,16|0,00|0|000|2102|2102|56,16|7,00|3,93|0,00|0,00|0,00|0|49||0,00|0,00|0,00|73|56,16|1,6500|||0,92|73|56,16|7,6000|||4,26||
|C170|10|5273|BOMBA  DIRECAO SIMPLES - F000510500|1,00000|PC|556,02|0,00|0|000|2102|2102|556,02|7,00|38,92|0,00|0,00|0,00|0|49||0,00|0,00|0,00|73|556,02|1,6500|||9,17|73|556,02|7,6000|||42,25||
|C170|11|6674|JG DE DECALQUE|1,00000|PC|9,55|0,00|0|010|2403|2403|9,55|6,91|0,66|18,60|0,00|2,68|0|49||0,00|0,00|0,00|73|0,00|0,0000|||0,00|73|0,00|0,0000|||0,00||
|C170|12|6688|PORTA PLANETARIA|1,00000|UND|1004,52|0,00|0|010|2403|2403|1004,52|7,00|70,31|1957,00|0,00|281,95|0|49||0,00|0,00|0,00|73|0,00|0,0000|||0,00|73|0,00|0,0000|||0,00||
|C170|13|6689|JG DE DECALQUE|1,00000|UND|22,81|0,00|0|000|2102|2102|22,81|6,97|1,59|0,00|0,00|0,00|0|49||0,00|0,00|0,00|73|22,81|1,6500|||0,37|73|22,81|7,6000|||1,73||
|C100|0|1|62933809000123|55|00|1|391311|35171262933809000123550010003913111007278299|14122017|20122017|5030,14|1|0,00|0,00|3952,71|1|0,00|0,00|0,00|3905,49|273,35|7478,54|1077,43|0,00|0,00|0,00|0,00|0,00|
|C170|1|201|TAMPAO - 85388100|30,00000|PC|114,00|0,00|0|020|2102|2102|66,78|6,99|4,67|0,00|0,00|0,00|0|49||0,00|0,00|0,00|73|0,00|0,0000|||0,00|73|0,00|0,0000|||0,00||
|C170|2|5217|RADIADOR COMPLETO|1,00000|PC|1164,97|0,00|0|010|2403|2403|1164,97|7,00|81,54|2269,59|0,00|326,98|0|49||0,00|0,00|0,00|73|0,00|0,0000|||0,00|73|0,00|0,0000|||0,00||
|C170|3|5383|SINCR. COMPLETO - VALMET|1,00000|PC|461,86|0,00|0|010|2403|2403|461,86|7,00|32,33|899,79|0,00|129,63|0|49||0,00|0,00|0,00|73|0,00|0,0000|||0,00|73|0,00|0,0000|||0,00||
|C170|4|6682|CARCACA ESQUERDA|1,00000|UND|689,06|0,00|0|010|2403|2403|689,06|7,00|48,23|1342,42|0,00|193,40|0|49||0,00|0,00|0,00|73|0,00|0,0000|||0,00|73|0,00|0,0000|||0,00||
|C170|5|6683|ENGRENAGEM|1,00000|UND|383,40|0,00|0|010|2403|2403|383,40|7,00|26,83|746,93|0,00|107,61|0|49||0,00|0,00|0,00|73|0,00|0,0000|||0,00|73|0,00|0,0000|||0,00||
|C170|6|6684|EIXO LATERAL|1,00000|UND|1038,60|0,00|0|010|2403|2403|1038,60|7,00|72,70|2023,40|0,00|291,51|0|49||0,00|0,00|0,00|73|0,00|0,0000|||0,00|73|0,00|0,0000|||0,00||
|C170|7|6685|BUCHA DO PINHAO|1,00000|UND|100,82|0,00|0|010|2403|2403|100,82|6,99|7,05|196,41|0,00|28,30|0|49||0,00|0,00|0,00|73|0,00|0,0000|||0,00|73|0,00|0,0000|||0,00||
|C100|0|1|62933809000123|55|00|1|391974|35171262933809000123550010003919741002513195|20122017|29122017|6845,15|1|0,00|0,00|5435,58|1|0,00|0,00|0,00|5435,58|358,15|9469,10|1380,42|29,15|34,51|159,81|0,00|0,00|
|C170|1|91|ROLAMENTO SCE108|4,00000|PC|19,44|0,00|0|010|2403|2403|19,44|3,96|0,77|43,78|0,00|7,11|0|49||19,44|12,00|2,33|73|19,44|1,6500|||0,32|73|19,44|7,6000|||1,47||
|C170|2|104|ROLAMENTO 48548/10|8,00000|PC|167,44|0,00|0|010|2403|2403|167,44|4,00|6,69|336,73|0,00|53,92|0|49||0,00|0,00|0,00|73|167,44|1,6500|||2,76|73|167,44|7,6000|||12,72||
|C170|3|216|REPARO DAS CAMARAS|2,00000|PC|120,82|0,00|0|000|2102|2102|120,82|6,99|8,45|0,00|0,00|0,00|0|49||0,00|0,00|0,00|73|120,82|1,6500|||1,99|73|120,82|7,6000|||9,18||
|C170|4|320|FILTRO HIDRAULICO|2,00000|PC|182,38|0,00|0|010|2403|2403|182,38|7,00|12,76|355,31|0,00|51,19|0|49||0,00|0,00|0,00|73|182,38|1,6500|||3,00|73|182,38|7,6000|||13,86||
|C170|5|448|REPARO COMP HIDRAULICO|10,00000|PC|181,10|0,00|0|010|2403|2403|181,10|7,00|12,67|352,81|0,00|50,83|0|49||0,00|0,00|0,00|73|181,10|1,6500|||2,98|73|181,10|7,6000|||13,76||
|C170|6|480|GRAXEIRA 1/4 RETA|100,00000|PC|45,00|0,00|0|000|2102|2102|45,00|7,00|3,15|0,00|0,00|0,00|0|49||0,00|0,00|0,00|73|45,00|1,6500|||0,74|73|45,00|7,6000|||3,42||
|C170|7|489|TRATOMETRO|1,00000|PC|35,01|0,00|0|010|2403|2403|35,01|7,00|2,45|71,61|0,00|10,43|0|49||35,01|5,00|1,75|73|35,01|2,3000|||0,80|73|35,01|10,8000|||3,78||
|C170|8|516|REPARO DA TAMPA|10,00000|PC|23,00|0,00|0|010|2403|2403|23,00|7,00|1,61|44,80|0,00|6,45|0|49||0,00|0,00|0,00|73|23,00|1,6500|||0,37|73|23,00|7,6000|||1,74||
|C170|9|525|FILTRO DO RADIADOR|2,00000|PC|27,08|0,00|0|010|2403|2403|27,08|6,98|1,89|52,75|0,00|7,60|0|49||0,00|0,00|0,00|73|27,08|1,6500|||0,44|73|27,08|7,6000|||2,05||
|C170|10|540|FILTRO DE OLEO RETRO|2,00000|PC|48,48|0,00|0|010|2403|2403|48,48|6,99|3,39|94,44|0,00|13,60|0|49||0,00|0,00|0,00|73|48,48|1,6500|||0,79|73|48,48|7,6000|||3,68||
|C170|11|540|FILTRO DE OLEO RETRO|2,00000|PC|37,42|0,00|0|010|2403|2403|37,42|6,97|2,61|72,90|0,00|10,51|0|49||0,00|0,00|0,00|73|0,00|0,0000|||0,00|73|0,00|0,0000|||0,00||
|C170|12|585|GUARDA PO DA ALAVANCA|10,00000|PC|14,40|0,00|0|010|2403|2403|14,40|6,94|1,00|28,05|0,00|4,04|0|49||0,00|0,00|0,00|73|14,40|1,6500|||0,23|73|14,40|7,6000|||1,09||
|C170|13|589|CAPA PROTETORA DO CAMBIO|12,00000|PC|20,04|0,00|0|010|2403|2403|20,04|6,99|1,40|39,04|0,00|5,62|0|49||0,00|0,00|0,00|73|20,04|1,6500|||0,33|73|20,04|7,6000|||1,52||
|C170|14|695|TAMPA  RADIADOR - 589360|5,00000|PC|13,40|0,00|0|010|2403|2403|13,40|6,94|0,93|26,10|0,00|3,76|0|49||0,00|0,00|0,00|73|0,00|0,0000|||0,00|73|0,00|0,0000|||0,00||
|C170|15|736|TORNEIRA DE ALUMINIO|3,00000|PC|39,75|0,00|0|010|2403|2403|39,75|6,99|2,78|77,44|0,00|11,15|0|49||0,00|0,00|0,00|73|0,00|0,0000|||0,00|73|0,00|0,0000|||0,00||
|C170|16|743|FELTRO DO EIXO|20,00000|PC|58,00|0,00|0|000|2102|2102|58,00|7,00|4,06|0,00|0,00|0,00|0|49||0,00|0,00|0,00|73|58,00|1,6500|||0,95|73|58,00|7,6000|||4,40||
|C170|17|747|ANEL DE FELTRO M. EIXO|20,00000|PC|31,60|0,00|0|000|2102|2102|31,60|6,99|2,21|0,00|0,00|0,00|0|49||0,00|0,00|0,00|73|31,60|1,6500|||0,52|73|31,60|7,6000|||2,40||
|C170|18|775|PRE FILTRO BANHO A OLEO|3,00000|PC|155,16|0,00|0|010|2403|2403|155,16|7,00|10,86|302,28|0,00|43,55|0|49||0,00|0,00|0,00|73|155,16|1,6500|||2,56|73|155,16|7,6000|||11,79||
|C170|19|812|EIXO DA BB. HIDRAULICA|1,00000|PC|168,30|0,00|0|010|2403|2403|168,30|4,00|6,73|355,38|0,00|57,23|0|49||168,30|5,00|8,41|73|168,30|2,3000|||3,87|73|168,30|10,8000|||18,17||
|C170|20|885|TACOMETRO|1,00000|PC|576,40|0,00|0|010|2403|2403|576,40|7,00|40,34|1122,94|0,00|161,78|0|49||0,00|0,00|0,00|73|0,00|0,0000|||0,00|73|0,00|0,0000|||0,00||
|C170|21|943|PINO DA BOMBA|6,00000|PC|35,10|0,00|0|000|2102|2102|35,10|3,99|1,40|0,00|0,00|0,00|0|49||35,10|10,00|3,51|73|35,10|1,6500|||0,57|73|35,10|7,6000|||2,66||
|C170|22|1051|BUCHA DA SEMI ARVORE|4,00000|PC|120,28|0,00|0|010|2403|2403|120,28|6,99|8,41|234,32|0,00|33,76|0|49||0,00|0,00|0,00|73|0,00|0,0000|||0,00|73|0,00|0,0000|||0,00||
|C170|23|1062|FILTRO LUBRIFICANTE - 71058|10,00000|PC|211,10|0,00|0|010|2403|2403|211,10|7,00|14,77|411,26|0,00|59,25|0|49||0,00|0,00|0,00|73|0,00|0,0000|||0,00|73|0,00|0,0000|||0,00||
|C170|24|1382|RETENTOR DA TRAÇAO|12,00000|PC|82,56|0,00|0|010|2403|2403|82,56|6,99|5,77|160,84|0,00|23,18|0|49||0,00|0,00|0,00|73|82,56|1,6500|||1,36|73|82,56|7,6000|||6,27||
|C170|25|1678|PARAFUSO DO CUBO|32,00000|PC|31,04|0,00|0|000|2102|2102|31,04|6,99|2,17|0,00|0,00|0,00|0|49||0,00|0,00|0,00|73|31,04|1,6500|||0,51|73|31,04|7,6000|||2,35||
|C170|26|1780|BUCHA DO EIXO DA BOMBA|4,00000|PC|30,96|0,00|0|010|2403|2403|30,96|3,97|1,23|65,36|0,00|10,53|0|49||30,96|5,00|1,54|73|30,96|2,3000|||0,71|73|30,96|10,8000|||3,34||
|C170|27|2318|ANEL|10,00000|PC|55,60|0,00|0|010|2403|2403|55,60|7,00|3,89|108,31|0,00|15,60|0|49||0,00|0,00|0,00|73|0,00|0,0000|||0,00|73|0,00|0,0000|||0,00||
|C170|28|2563|ARRUELA|4,00000|PC|50,96|0,00|0|000|2102|2102|50,96|6,99|3,56|0,00|0,00|0,00|0|49||0,00|0,00|0,00|73|50,96|1,6500|||0,84|73|50,96|7,6000|||3,87||
|C170|29|3300|DISCO EMBREAGEM - VALMET 218090|1,00000|PC|421,26|0,00|0|010|2403|2403|421,26|7,00|29,48|820,69|0,00|118,24|0|49||0,00|0,00|0,00|73|0,00|0,0000|||0,00|73|0,00|0,0000|||0,00||
|C170|30|3386|ROLAMENTO - VALMET|1,00000|PC|85,28|0,00|0|010|2403|2403|85,28|4,00|3,41|171,50|0,00|27,46|0|49||0,00|0,00|0,00|73|85,28|1,6500|||1,40|73|85,28|7,6000|||6,48||
|C170|31|3443|ROLAMENTO COLAR|1,00000|PC|160,16|0,00|0|010|2403|2403|160,16|7,00|11,21|312,02|0,00|44,95|0|49||0,00|0,00|0,00|73|160,16|1,6500|||2,64|73|160,16|7,6000|||12,17||
|C170|32|5816|BOMBA ALIMENTADORA|2,00000|PC|232,20|0,00|0|000|2102|2102|232,20|4,00|9,28|0,00|0,00|0,00|0|49||232,20|5,00|11,61|73|232,20|1,6500|||3,83|73|232,20|7,6000|||17,64||
|C170|33|6065|FILTRO LUBRIFICANTE - 71029|10,00000|PC|313,50|0,00|0|010|2403|2403|313,50|7,00|21,94|610,76|0,00|87,99|0|49||0,00|0,00|0,00|73|0,00|0,0000|||0,00|73|0,00|0,0000|||0,00||
|C170|34|6702|ENGRENAGEM C/ BUCHA|1,00000|UND|1068,96|0,00|0|010|2403|2403|1068,96|7,00|74,82|2082,54|0,00|300,03|0|49||0,00|0,00|0,00|73|0,00|0,0000|||0,00|73|0,00|0,0000|||0,00||
|C170|35|6703|ENGRENAGEM|1,00000|UND|572,40|0,00|0|010|2403|2403|572,40|7,00|40,06|1115,14|0,00|160,66|0|49||0,00|0,00|0,00|73|0,00|0,0000|||0,00|73|0,00|0,0000|||0,00||
|C100|0|1|14076889000286|55|00|1|424863|29171214076889000286550010004248631111008125|08122017|14122017|2436,98|1|0,00|0,00|2436,98|1|0,00|0,00|0,00|0,00|0,00|0,00|0,00|0,00|40,20|185,21|0,00|0,00|
|C170|1|2800|LUBRAX 90 1L|96,00000|PC|1049,28|0,00|0|060|1652|1652|0,00|0,00|0,00|0,00|0,00|0,00|0|49||0,00|0,00|0,00|73|1049,28|1,6500|||17,31|73|1049,28|7,6000|||79,75||
|C170|2|4814|UNI 68 - 20L|2,00000|BD|235,02|0,00|0|060|1652|1652|0,00|0,00|0,00|0,00|0,00|0,00|0|49||0,00|0,00|0,00|73|235,02|1,6500|||3,88|73|235,02|7,6000|||17,86||
|C170|3|5875|UNI 90 - 20L|2,00000|BD|337,16|0,00|0|060|1652|1652|0,00|0,00|0,00|0,00|0,00|0,00|0|49||0,00|0,00|0,00|73|337,16|1,6500|||5,56|73|337,16|7,6000|||25,62||
|C170|4|6117|TEXACO 40 4L|12,00000|UND|535,92|0,00|0|060|1652|1652|0,00|0,00|0,00|0,00|0,00|0,00|0|49||0,00|0,00|0,00|73|535,92|1,6500|||8,84|73|535,92|7,6000|||40,73||
|C170|5|6159|TEXACO 40 1LT|24,00000|UND|279,60|0,00|0|060|1652|1652|0,00|0,00|0,00|0,00|0,00|0,00|0|49||0,00|0,00|0,00|73|279,60|1,6500|||4,61|73|279,60|7,6000|||21,25||
|C100|0|1|14076889000286|55|00|1|427293|29171214076889000286550010004272931111020125|20122017|26122017|3122,02|1|0,00|0,00|3122,02|1|0,00|0,00|0,00|0,00|0,00|0,00|0,00|0,00|51,51|237,28|0,00|0,00|
|C170|1|2654|YPF HIDRO 19 20LT|1,00000|BD|188,94|0,00|0|060|1652|1652|0,00|0,00|0,00|0,00|0,00|0,00|0|49||0,00|0,00|0,00|73|188,94|1,6500|||3,12|73|188,94|7,6000|||14,36||
|C170|2|3146|LUBRAX THF11 20L|10,00000|BD|2137,60|0,00|0|060|1652|1652|0,00|0,00|0,00|0,00|0,00|0,00|0|49||0,00|0,00|0,00|73|2137,60|1,6500|||35,27|73|2137,60|7,6000|||162,46||
|C170|3|5161|GRAXA CHASSIS AZUL -10KG|3,00000|BD|227,88|0,00|0|060|1652|1652|0,00|0,00|0,00|0,00|0,00|0,00|0|49||0,00|0,00|0,00|73|227,88|1,6500|||3,76|73|227,88|7,6000|||17,32||
|C170|4|5601|LUBRAX 140 1L|24,00000|UND|288,00|0,00|0|060|1652|1652|0,00|0,00|0,00|0,00|0,00|0,00|0|49||0,00|0,00|0,00|73|288,00|1,6500|||4,75|73|288,00|7,6000|||21,89||
|C170|5|6159|TEXACO 40 1LT|24,00000|UND|279,60|0,00|0|060|1652|1652|0,00|0,00|0,00|0,00|0,00|0,00|0|49||0,00|0,00|0,00|73|279,60|1,6500|||4,61|73|279,60|7,6000|||21,25||
|C400|2D|MP-400 TH FI ECF-IF|BE091310100011266946|001|
|C405|12122017|001|001255|004744|812811,16|1062,00|
|C481|06|12,00|0,00|0,0000|||0,00|4464|01234|
|C481|06|1,00|0,00|0,0000|||0,00|538|01234|
|C481|06|240,00|0,00|0,0000|||0,00|1104|01234|
|C481|06|15,00|0,00|0,0000|||0,00|5077|01234|
|C481|06|714,00|0,00|0,0000|||0,00|2654|01234|
|C481|06|25,00|0,00|0,0000|||0,00|1145|01234|
|C481|06|15,00|0,00|0,0000|||0,00|215|01234|
|C481|06|40,00|0,00|0,0000|||0,00|3145|01234|
|C485|06|12,00|0,00|0,0000|||0,00|4464|01234|
|C485|06|1,00|0,00|0,0000|||0,00|538|01234|
|C485|06|240,00|0,00|0,0000|||0,00|1104|01234|
|C485|06|15,00|0,00|0,0000|||0,00|5077|01234|
|C485|06|714,00|0,00|0,0000|||0,00|2654|01234|
|C485|06|25,00|0,00|0,0000|||0,00|1145|01234|
|C485|06|15,00|0,00|0,0000|||0,00|215|01234|
|C485|06|40,00|0,00|0,0000|||0,00|3145|01234|
|C405|13122017|001|001256|004748|813259,16|448,00|
|C481|06|380,00|0,00|0,0000|||0,00|5092|01234|
|C481|06|45,00|0,00|0,0000|||0,00|5601|01234|
|C481|06|8,00|0,00|0,0000|||0,00|6175|01234|
|C481|06|15,00|0,00|0,0000|||0,00|5748|01234|
|C485|06|380,00|0,00|0,0000|||0,00|5092|01234|
|C485|06|45,00|0,00|0,0000|||0,00|5601|01234|
|C485|06|8,00|0,00|0,0000|||0,00|6175|01234|
|C485|06|15,00|0,00|0,0000|||0,00|5748|01234|
|C405|14122017|001|001257|004752|813740,16|481,00|
|C481|06|38,00|0,00|0,0000|||0,00|1109|01234|
|C481|06|15,00|0,00|0,0000|||0,00|1174|01234|
|C481|06|15,00|0,00|0,0000|||0,00|1767|01234|
|C481|06|26,00|0,00|0,0000|||0,00|1846|01234|
|C481|06|52,00|0,00|0,0000|||0,00|2720|01234|
|C481|06|6,00|0,00|0,0000|||0,00|478|01234|
|C481|06|16,00|0,00|0,0000|||0,00|1059|01234|
|C481|06|40,00|0,00|0,0000|||0,00|467|01234|
|C481|06|215,00|0,00|0,0000|||0,00|6656|01234|
|C481|06|5,00|0,00|0,0000|||0,00|589|01234|
|C481|06|45,00|0,00|0,0000|||0,00|3539|01234|
|C481|06|8,00|0,00|0,0000|||0,00|695|01234|
|C485|06|38,00|0,00|0,0000|||0,00|1109|01234|
|C485|06|15,00|0,00|0,0000|||0,00|1174|01234|
|C485|06|15,00|0,00|0,0000|||0,00|1767|01234|
|C485|06|26,00|0,00|0,0000|||0,00|1846|01234|
|C485|06|52,00|0,00|0,0000|||0,00|2720|01234|
|C485|06|6,00|0,00|0,0000|||0,00|478|01234|
|C485|06|16,00|0,00|0,0000|||0,00|1059|01234|
|C485|06|40,00|0,00|0,0000|||0,00|467|01234|
|C485|06|215,00|0,00|0,0000|||0,00|6656|01234|
|C485|06|5,00|0,00|0,0000|||0,00|589|01234|
|C485|06|45,00|0,00|0,0000|||0,00|3539|01234|
|C485|06|8,00|0,00|0,0000|||0,00|695|01234|
|C405|15122017|001|001258|004760|814936,16|1196,00|
|C481|06|25,00|0,00|0,0000|||0,00|1206|01234|
|C481|06|65,00|0,00|0,0000|||0,00|2785|01234|
|C481|06|420,00|0,00|0,0000|||0,00|2652|01234|
|C481|06|36,00|0,00|0,0000|||0,00|215|01234|
|C481|06|160,00|0,00|0,0000|||0,00|2788|01234|
|C481|06|55,00|0,00|0,0000|||0,00|1137|01234|
|C481|06|245,00|0,00|0,0000|||0,00|3054|01234|
|C481|06|45,00|0,00|0,0000|||0,00|1878|01234|
|C481|06|43,00|0,00|0,0000|||0,00|67|01234|
|C481|06|102,00|0,00|0,0000|||0,00|3053|01234|
|C485|06|25,00|0,00|0,0000|||0,00|1206|01234|
|C485|06|65,00|0,00|0,0000|||0,00|2785|01234|
|C485|06|420,00|0,00|0,0000|||0,00|2652|01234|
|C485|06|36,00|0,00|0,0000|||0,00|215|01234|
|C485|06|160,00|0,00|0,0000|||0,00|2788|01234|
|C485|06|55,00|0,00|0,0000|||0,00|1137|01234|
|C485|06|245,00|0,00|0,0000|||0,00|3054|01234|
|C485|06|45,00|0,00|0,0000|||0,00|1878|01234|
|C485|06|43,00|0,00|0,0000|||0,00|67|01234|
|C485|06|102,00|0,00|0,0000|||0,00|3053|01234|
|C405|16122017|001|001259|004766|817008,66|2072,50|
|C481|06|5,00|0,00|0,0000|||0,00|1041|01234|
|C481|06|0,50|0,00|0,0000|||0,00|355|01234|
|C481|06|25,00|0,00|0,0000|||0,00|380|01234|
|C481|06|62,00|0,00|0,0000|||0,00|538|01234|
|C481|06|22,00|0,00|0,0000|||0,00|1042|01234|
|C481|06|150,00|0,00|0,0000|||0,00|5503|01234|
|C481|06|76,00|0,00|0,0000|||0,00|547|01234|
|C481|06|12,00|0,00|0,0000|||0,00|1132|01234|
|C481|06|35,00|0,00|0,0000|||0,00|1073|01234|
|C481|06|1,00|0,00|0,0000|||0,00|2371|01234|
|C481|06|15,00|0,00|0,0000|||0,00|1216|01234|
|C481|06|46,00|0,00|0,0000|||0,00|629|01234|
|C481|06|15,00|0,00|0,0000|||0,00|1029|01234|
|C481|06|900,00|0,00|0,0000|||0,00|5353|01234|
|C481|06|60,00|0,00|0,0000|||0,00|673|01234|
|C481|06|147,00|0,00|0,0000|||0,00|5630|01234|
|C481|06|15,00|0,00|0,0000|||0,00|1174|01234|
|C481|06|24,00|0,00|0,0000|||0,00|5747|01234|
|C481|06|36,00|0,00|0,0000|||0,00|215|01234|
|C481|06|6,00|0,00|0,0000|||0,00|1874|01234|
|C481|06|58,00|0,00|0,0000|||0,00|522|01234|
|C481|06|8,00|0,00|0,0000|||0,00|1143|01234|
|C481|06|2,00|0,00|0,0000|||0,00|1873|01234|
|C481|06|49,00|0,00|0,0000|||0,00|1071|01234|
|C481|06|13,00|0,00|0,0000|||0,00|6387|01234|
|C481|06|290,00|0,00|0,0000|||0,00|834|01234|
|C485|06|5,00|0,00|0,0000|||0,00|1041|01234|
|C485|06|0,50|0,00|0,0000|||0,00|355|01234|
|C485|06|25,00|0,00|0,0000|||0,00|380|01234|
|C485|06|62,00|0,00|0,0000|||0,00|538|01234|
|C485|06|22,00|0,00|0,0000|||0,00|1042|01234|
|C485|06|150,00|0,00|0,0000|||0,00|5503|01234|
|C485|06|76,00|0,00|0,0000|||0,00|547|01234|
|C485|06|12,00|0,00|0,0000|||0,00|1132|01234|
|C485|06|35,00|0,00|0,0000|||0,00|1073|01234|
|C485|06|1,00|0,00|0,0000|||0,00|2371|01234|
|C485|06|15,00|0,00|0,0000|||0,00|1216|01234|
|C485|06|46,00|0,00|0,0000|||0,00|629|01234|
|C485|06|15,00|0,00|0,0000|||0,00|1029|01234|
|C485|06|900,00|0,00|0,0000|||0,00|5353|01234|
|C485|06|60,00|0,00|0,0000|||0,00|673|01234|
|C485|06|147,00|0,00|0,0000|||0,00|5630|01234|
|C485|06|15,00|0,00|0,0000|||0,00|1174|01234|
|C485|06|24,00|0,00|0,0000|||0,00|5747|01234|
|C485|06|36,00|0,00|0,0000|||0,00|215|01234|
|C485|06|6,00|0,00|0,0000|||0,00|1874|01234|
|C485|06|58,00|0,00|0,0000|||0,00|522|01234|
|C485|06|8,00|0,00|0,0000|||0,00|1143|01234|
|C485|06|2,00|0,00|0,0000|||0,00|1873|01234|
|C485|06|49,00|0,00|0,0000|||0,00|1071|01234|
|C485|06|13,00|0,00|0,0000|||0,00|6387|01234|
|C485|06|290,00|0,00|0,0000|||0,00|834|01234|
|C405|18122017|001|001260|004772|817639,66|631,00|
|C481|06|50,00|0,00|0,0000|||0,00|471|01234|
|C481|06|18,00|0,00|0,0000|||0,00|872|01234|
|C481|06|170,00|0,00|0,0000|||0,00|2788|01234|
|C481|06|16,00|0,00|0,0000|||0,00|3006|01234|
|C481|06|20,00|0,00|0,0000|||0,00|1105|01234|
|C481|06|55,00|0,00|0,0000|||0,00|207|01234|
|C481|06|12,00|0,00|0,0000|||0,00|4643|01234|
|C481|06|250,00|0,00|0,0000|||0,00|190|01234|
|C481|06|40,00|0,00|0,0000|||0,00|948|01234|
|C485|06|50,00|0,00|0,0000|||0,00|471|01234|
|C485|06|18,00|0,00|0,0000|||0,00|872|01234|
|C485|06|170,00|0,00|0,0000|||0,00|2788|01234|
|C485|06|16,00|0,00|0,0000|||0,00|3006|01234|
|C485|06|20,00|0,00|0,0000|||0,00|1105|01234|
|C485|06|55,00|0,00|0,0000|||0,00|207|01234|
|C485|06|12,00|0,00|0,0000|||0,00|4643|01234|
|C485|06|250,00|0,00|0,0000|||0,00|190|01234|
|C485|06|40,00|0,00|0,0000|||0,00|948|01234|
|C405|19122017|001|001261|004776|819553,66|1914,00|
|C481|06|406,00|0,00|0,0000|||0,00|2186|01234|
|C481|06|8,00|0,00|0,0000|||0,00|237|01234|
|C481|06|120,00|0,00|0,0000|||0,00|774|01234|
|C481|06|343,00|0,00|0,0000|||0,00|2099|01234|
|C481|06|8,00|0,00|0,0000|||0,00|937|01234|
|C481|06|2,00|0,00|0,0000|||0,00|3534|01234|
|C481|06|154,00|0,00|0,0000|||0,00|1240|01234|
|C481|06|64,00|0,00|0,0000|||0,00|446|01234|
|C481|06|17,00|0,00|0,0000|||0,00|666|01234|
|C481|06|38,00|0,00|0,0000|||0,00|1561|01234|
|C481|06|306,00|0,00|0,0000|||0,00|5968|01234|
|C481|06|72,00|0,00|0,0000|||0,00|1561|01234|
|C481|06|200,00|0,00|0,0000|||0,00|6591|01234|
|C481|06|176,00|0,00|0,0000|||0,00|637|01234|
|C485|06|406,00|0,00|0,0000|||0,00|2186|01234|
|C485|06|8,00|0,00|0,0000|||0,00|237|01234|
|C485|06|120,00|0,00|0,0000|||0,00|774|01234|
|C485|06|343,00|0,00|0,0000|||0,00|2099|01234|
|C485|06|8,00|0,00|0,0000|||0,00|937|01234|
|C485|06|2,00|0,00|0,0000|||0,00|3534|01234|
|C485|06|154,00|0,00|0,0000|||0,00|1240|01234|
|C485|06|64,00|0,00|0,0000|||0,00|446|01234|
|C485|06|17,00|0,00|0,0000|||0,00|666|01234|
|C485|06|38,00|0,00|0,0000|||0,00|1561|01234|
|C485|06|306,00|0,00|0,0000|||0,00|5968|01234|
|C485|06|72,00|0,00|0,0000|||0,00|1561|01234|
|C485|06|200,00|0,00|0,0000|||0,00|6591|01234|
|C485|06|176,00|0,00|0,0000|||0,00|637|01234|
|C405|20122017|001|001262|004782|820985,66|1432,00|
|C481|06|278,00|0,00|0,0000|||0,00|5409|01234|
|C481|06|8,00|0,00|0,0000|||0,00|2454|01234|
|C481|06|312,00|0,00|0,0000|||0,00|5352|01234|
|C481|06|80,00|0,00|0,0000|||0,00|1539|01234|
|C481|06|300,00|0,00|0,0000|||0,00|82|01234|
|C481|06|30,00|0,00|0,0000|||0,00|1694|01234|
|C481|06|30,00|0,00|0,0000|||0,00|1895|01234|
|C481|06|270,00|0,00|0,0000|||0,00|6365|01234|
|C481|06|8,00|0,00|0,0000|||0,00|326|01234|
|C481|06|116,00|0,00|0,0000|||0,00|6544|01234|
|C485|06|278,00|0,00|0,0000|||0,00|5409|01234|
|C485|06|8,00|0,00|0,0000|||0,00|2454|01234|
|C485|06|312,00|0,00|0,0000|||0,00|5352|01234|
|C485|06|80,00|0,00|0,0000|||0,00|1539|01234|
|C485|06|300,00|0,00|0,0000|||0,00|82|01234|
|C485|06|30,00|0,00|0,0000|||0,00|1694|01234|
|C485|06|30,00|0,00|0,0000|||0,00|1895|01234|
|C485|06|270,00|0,00|0,0000|||0,00|6365|01234|
|C485|06|8,00|0,00|0,0000|||0,00|326|01234|
|C485|06|116,00|0,00|0,0000|||0,00|6544|01234|
|C405|21122017|001|001263|004785|823547,66|2562,00|
|C481|06|312,00|0,00|0,0000|||0,00|5352|01234|
|C481|06|450,00|0,00|0,0000|||0,00|1861|01234|
|C481|06|1540,00|0,00|0,0000|||0,00|6378|01234|
|C481|06|260,00|0,00|0,0000|||0,00|1492|01234|
|C485|06|312,00|0,00|0,0000|||0,00|5352|01234|
|C485|06|450,00|0,00|0,0000|||0,00|1861|01234|
|C485|06|1540,00|0,00|0,0000|||0,00|6378|01234|
|C485|06|260,00|0,00|0,0000|||0,00|1492|01234|
|C405|22122017|001|001264|004789|824457,66|910,00|
|C481|06|45,00|0,00|0,0000|||0,00|6352|01234|
|C481|06|130,00|0,00|0,0000|||0,00|1206|01234|
|C481|06|88,00|0,00|0,0000|||0,00|2943|01234|
|C481|06|4,00|0,00|0,0000|||0,00|664|01234|
|C481|06|8,00|0,00|0,0000|||0,00|237|01234|
|C481|06|10,00|0,00|0,0000|||0,00|678|01234|
|C481|06|40,00|0,00|0,0000|||0,00|4190|01234|
|C481|06|585,00|0,00|0,0000|||0,00|1355|01234|
|C485|06|45,00|0,00|0,0000|||0,00|6352|01234|
|C485|06|130,00|0,00|0,0000|||0,00|1206|01234|
|C485|06|88,00|0,00|0,0000|||0,00|2943|01234|
|C485|06|4,00|0,00|0,0000|||0,00|664|01234|
|C485|06|8,00|0,00|0,0000|||0,00|237|01234|
|C485|06|10,00|0,00|0,0000|||0,00|678|01234|
|C485|06|40,00|0,00|0,0000|||0,00|4190|01234|
|C485|06|585,00|0,00|0,0000|||0,00|1355|01234|
|C405|23122017|001|001265|004789|824457,66|0,00|
|C405|26122017|001|001266|004791|824912,66|455,00|
|C481|06|123,00|0,00|0,0000|||0,00|368|01234|
|C481|06|72,00|0,00|0,0000|||0,00|638|01234|
|C481|06|130,00|0,00|0,0000|||0,00|1915|01234|
|C481|06|130,00|0,00|0,0000|||0,00|1240|01234|
|C485|06|123,00|0,00|0,0000|||0,00|368|01234|
|C485|06|72,00|0,00|0,0000|||0,00|638|01234|
|C485|06|130,00|0,00|0,0000|||0,00|1915|01234|
|C485|06|130,00|0,00|0,0000|||0,00|1240|01234|
|C405|27122017|001|001267|004797|825719,66|807,00|
|C481|06|30,00|0,00|0,0000|||0,00|4464|01234|
|C481|06|117,00|0,00|0,0000|||0,00|837|01234|
|C481|06|147,00|0,00|0,0000|||0,00|2099|01234|
|C481|06|84,00|0,00|0,0000|||0,00|840|01234|
|C481|06|10,00|0,00|0,0000|||0,00|1298|01234|
|C481|06|27,00|0,00|0,0000|||0,00|2620|01234|
|C481|06|30,00|0,00|0,0000|||0,00|227|01234|
|C481|06|108,00|0,00|0,0000|||0,00|1101|01234|
|C481|06|46,00|0,00|0,0000|||0,00|4697|01234|
|C481|06|3,00|0,00|0,0000|||0,00|1061|01234|
|C481|06|190,00|0,00|0,0000|||0,00|1125|01234|
|C481|06|3,00|0,00|0,0000|||0,00|2136|01234|
|C481|06|12,00|0,00|0,0000|||0,00|1002|01234|
|C485|06|30,00|0,00|0,0000|||0,00|4464|01234|
|C485|06|117,00|0,00|0,0000|||0,00|837|01234|
|C485|06|147,00|0,00|0,0000|||0,00|2099|01234|
|C485|06|84,00|0,00|0,0000|||0,00|840|01234|
|C485|06|10,00|0,00|0,0000|||0,00|1298|01234|
|C485|06|27,00|0,00|0,0000|||0,00|2620|01234|
|C485|06|30,00|0,00|0,0000|||0,00|227|01234|
|C485|06|108,00|0,00|0,0000|||0,00|1101|01234|
|C485|06|46,00|0,00|0,0000|||0,00|4697|01234|
|C485|06|3,00|0,00|0,0000|||0,00|1061|01234|
|C485|06|190,00|0,00|0,0000|||0,00|1125|01234|
|C485|06|3,00|0,00|0,0000|||0,00|2136|01234|
|C485|06|12,00|0,00|0,0000|||0,00|1002|01234|
|C405|28122017|001|001268|004800|825977,66|258,00|
|C481|06|50,00|0,00|0,0000|||0,00|279|01234|
|C481|06|8,00|0,00|0,0000|||0,00|1421|01234|
|C481|06|200,00|0,00|0,0000|||0,00|1087|01234|
|C485|06|50,00|0,00|0,0000|||0,00|279|01234|
|C485|06|8,00|0,00|0,0000|||0,00|1421|01234|
|C485|06|200,00|0,00|0,0000|||0,00|1087|01234|
|C405|29122017|001|001269|004804|828088,66|2111,00|
|C481|06|137,00|0,00|0,0000|||0,00|521|01234|
|C481|06|248,00|0,00|0,0000|||0,00|1639|01234|
|C481|06|1154,00|0,00|0,0000|||0,00|3874|01234|
|C481|06|4,00|0,00|0,0000|||0,00|664|01234|
|C481|06|15,00|0,00|0,0000|||0,00|6159|01234|
|C481|06|123,00|0,00|0,0000|||0,00|4262|01234|
|C481|06|45,00|0,00|0,0000|||0,00|3147|01234|
|C481|06|385,00|0,00|0,0000|||0,00|4261|01234|
|C485|06|137,00|0,00|0,0000|||0,00|521|01234|
|C485|06|248,00|0,00|0,0000|||0,00|1639|01234|
|C485|06|1154,00|0,00|0,0000|||0,00|3874|01234|
|C485|06|4,00|0,00|0,0000|||0,00|664|01234|
|C485|06|15,00|0,00|0,0000|||0,00|6159|01234|
|C485|06|123,00|0,00|0,0000|||0,00|4262|01234|
|C485|06|45,00|0,00|0,0000|||0,00|3147|01234|
|C485|06|385,00|0,00|0,0000|||0,00|4261|01234|
|C405|30122017|001|001270|004805|828183,66|95,00|
|C481|06|95,00|0,00|0,0000|||0,00|1177|01234|
|C485|06|95,00|0,00|0,0000|||0,00|1177|01234|
|C990|1896|
|D001|0|
|D010|11053630000140|
|D100|0|1|13371755000225|57|00|1|0|24069|35171113371755000225570010000240691000833940|29112017|05122017|||72,31|0,00|1|72,31|0,00|0,00|0,00|||
|D100|0|1|13371755000225|57|00|1|0|24063|35171113371755000225570010000240631000833830|29112017|07122017|||98,50|0,00|1|98,50|0,00|0,00|0,00|||
|D100|0|1|13371755000225|57|00|1|0|23943|35171113371755000225570010000239431000831732|27112017|08122017|||78,12|0,00|1|78,12|0,00|0,00|0,00|||
|D100|0|1|13371755000225|57|00|1|0|24111|35171113371755000225570010000241111000834720|30112017|08122017|||80,97|0,00|1|80,97|0,00|0,00|0,00|||
|D100|0|1|13371755000225|57|00|1|0|24236|35171213371755000225570010000242361000836942|04122017|09122017|||158,19|0,00|1|158,19|0,00|0,00|0,00|||
|D100|0|1|13371755000225|57|00|1|0|24336|35171213371755000225570010000243361000838622|05122017|12122017|||86,39|0,00|1|86,39|0,00|0,00|0,00|||
|D100|0|1|13371755000225|57|00|1|0|24345|35171213371755000225570010000243451000838869|05122017|12122017|||81,57|0,00|1|81,57|0,00|0,00|0,00|||
|D100|0|1|13371755000225|57|00|1|0|24453|35171213371755000225570010000244531000840798|07122017|13122017|||175,71|0,00|1|175,71|0,00|0,00|0,00|||
|D100|0|1|13371755000225|57|00|1|0|24462|35171213371755000225570010000244621000840932|07122017|13122017|||137,71|0,00|1|137,71|0,00|0,00|0,00|||
|D100|0|1|13371755000225|57|00|1|0|24455|35171213371755000225570010000244551000840814|07122017|14122017|||105,34|0,00|1|105,34|0,00|0,00|0,00|||
|D100|0|1|13371755000225|57|00|1|0|24446|35171213371755000225570010000244461000840653|07122017|14122017|||102,08|0,00|1|102,08|0,00|0,00|0,00|||
|D100|0|1|12760775000144|57|00|0|0|54921|29171212760775000225570000000549211000593350|12122017|14122017|||44,00|0,00|1|44,00|0,00|0,00|0,00|||
|D100|0|1|13371755000225|57|00|1|0|24441|35171213371755000225570010000244411000840592|07122017|14122017|||88,26|0,00|1|88,26|0,00|0,00|0,00|||
|D100|0|1|13371755000225|57|00|1|0|24459|35171213371755000225570010000244591000840872|07122017|16122017|||129,87|0,00|1|129,87|0,00|0,00|0,00|||
|D100|0|1|55539555000106|57|00|1|0|26980|35171255539555000106570010000269801000391574|12122017|19122017|||303,50|0,00|1|303,50|303,50|21,25|0,00|||
|D100|0|1|13371755000225|57|00|1|0|24649|35171213371755000225570010000246491000844236|12122017|20122017|||97,51|0,00|1|97,51|0,00|0,00|0,00|||
|D100|0|1|48740351002702|57|00|0|0|1811269|35171248740351012414570000018112697464140986|14122017|20122017|||75,60|0,00|1|75,60|75,60|5,29|0,00|||
|D100|0|1|13371755000225|57|00|1|0|24768|35171213371755000225570010000247681000846272|14122017|20122017|||68,61|0,00|1|68,61|0,00|0,00|0,00|||
|D100|0|1|13371755000225|57|00|1|0|24770|35171213371755000225570010000247701000846297|14122017|20122017|||103,81|0,00|1|103,81|0,00|0,00|0,00|||
|D100|0|1|13371755000225|57|00|1|0|24702|35171213371755000225570010000247021000845169|13122017|22122017|||114,24|0,00|1|114,24|0,00|0,00|0,00|||
|D100|0|1|55539555000106|57|00|1|0|26979|35171255539555000106570010000269791000391557|12122017|22122017|||230,35|0,00|1|230,35|230,35|16,12|0,00|||
|D100|0|1|12760775000144|57|00|0|0|169001|29171212760775000144570000001690011002711184|12122017|22122017|||50,12|0,00|1|50,12|0,00|0,00|0,00|||
|D100|0|1|48740351002702|57|00|0|0|2490456|35171248740351011523570000024904561748652490|18122017|26122017|||77,10|0,00|0|77,10|77,10|5,40|0,00|||
|D100|0|1|03416173000183|57|00|1|0|7330|35171203416173000183570010000073301918074830|20122017|27122017|||1450,00|0,00|1|1450,00|1450,00|101,50|0,00|||
|D100|0|1|48740351002702|57|00|0|0|1813002|35171248740351012414570000018130021335777783|21122017|28122017|||95,67|0,00|1|95,67|95,67|6,70|0,00|||
|D100|0|1|13371755000225|57|00|1|0|7662|35171224553329000300570010000076621000850353|20122017|29122017|||126,52|0,00|1|126,52|0,00|0,00|0,00|||
|D990|29|
|F001|1|
|F990|2|
|M001|0|
|M200|0,00|0,00|0,00|0,00|0,00|0,00|0,00|0,00|0,00|0,00|0,00|0,00|
|M400|06|637836,70|||
|M410|104|55,26|||
|M410||637781,44|||
|M400|06|24124,00|001||
|M410|104|5458,22|001||
|M410|108|18665,78|001||
|M400|06|4337,00|002||
|M410|104|1437,00|002||
|M410|108|2900,00|002||
|M600|0,00|0,00|0,00|0,00|0,00|0,00|0,00|0,00|0,00|0,00|0,00|0,00|
|M990|13|
|1001|1|
|1990|2|
|9001|0|
|9900|0000|1|
|9900|0001|1|
|9900|0100|1|
|9900|0110|1|
|9900|0140|1|
|9900|0150|127|
|9900|0190|8|
|9900|0200|780|
|9900|0400|18|
|9900|0500|2|
|9900|0600|1|
|9900|0990|1|
|9900|A001|1|
|9900|A010|1|
|9900|A100|25|
|9900|A170|52|
|9900|A990|1|
|9900|C001|1|
|9900|C010|1|
|9900|C100|248|
|9900|C170|1360|
|9900|C400|1|
|9900|C405|16|
|9900|C481|134|
|9900|C485|134|
|9900|C990|1|
|9900|D001|1|
|9900|D010|1|
|9900|D100|26|
|9900|D990|1|
|9900|F001|1|
|9900|F990|1|
|9900|M001|1|
|9900|M200|1|
|9900|M400|3|
|9900|M410|6|
|9900|M600|1|
|9900|M990|1|
|9900|1001|1|
|9900|1990|1|
|9900|9001|1|
|9900|9900|44|
|9900|9990|1|
|9900|9999|1|
|9990|47|
|9999|3011|
