01REMESSA01COBRANCA       00000000000000684406COLCHõES GLOBO IND. DA TRANSF.237BRADESCO       300518        MX0000001                                                                                                                                                                                                                                                                                     000001
1000000000000000000000090310100684406                         0000000000000010503400000000002            2  016160001   10061800000000010000000000001N300518061000000000000010000000000000000000000000000000000000000000000209462499000123J. LAURINDO TORRES-ME                   RUA JOSE BARRETO DE SOUZA SOMBRA 281                56280000                                                            000002
1000000000000000000000090310100684406                         0000000000000010504200000000002            2  011280001   15061800000000035550000000001N300518061000000000000050000000000000000000000000000000000000000000000208024713000105ANTONIO SALUSTIANO MELO                 PATIO DO MERCADO 26         CENTRO FEIRA            55715000000003991034492AVALISTA TESTE                               000003
1000000000000000000000090310100684406                         0000000000000010505000000000002            2  0155501-1/1 20061800000000100010000000001N300518061000000000000130000000000000000000000000000000000000000000000100035602210482ROBERTO RODRIGUES LIMA                  AV. 19 DE MAIO 103        CENTRO PETROLI            55385000                                                            000004
9                                                                                                                                                                                                                                                                                                                                                                                                         000005
