01REMESSA01COBRANCA       000000000000068440-6COLCHõES GLOBO IND. DA TRANSF.237BRADESCO       290518        MX0000001                                                                                                                                                                                                                                                                                     000001
1
00000
0
00000
0000000
0
00090310100684406
                         
000
0
0000
00000010501identificacao do título 71-81
8
0000000000
2
 
          
 
2  106-106
  
01
8541-6/6  
061118
0000000092983
000
00000
01  148 - 149
N
290518
06
10
0000000000000
000000
0000000000000
0000000000000
0000000000000  206-218
02
09462499000123
J. LAURINDO TORRES-ME                   
RUA JOSE BARRETO DE SOUZA SOMBRA 281    
            
56280
000
                                                            
000002

9                                                                                                                                                                                                                                                                                                                                                                                                         000003
