01REMESSA01COBRANCA       00000000000000684406COLCHõES GLOBO IND. DA TRANSF.237BRADESCO       300518        MX0000001                                                                                                                                                                                                                                                                                     000001
1000000000000000000000090310100684406                         0000000000000010501800000000002            2  018541-6/6  06111800000000929830000000001N300518061000000000001240000000000000000000000000000000000000000000000209462499000123J. LAURINDO TORRES-ME                   RUA JOSE BARRETO DE SOUZA SOMBRA 281                56280000004639580000112ANTONIO DOS TEST                             000002
9                                                                                                                                                                                                                                                                                                                                                                                                         000003
