01REMESSA01COBRANCA       00000000000000684406COLCHõES GLOBO IND. DA TRANSF.237BRADESCO       290518        MX0000001                                                                                                                                                                                                                                                                                     000001
1000000000000000000000090310100684406                         0000000000000010502600000000002            2  018417-3/5  07081800000000831360000000001N290518061000000000001110000000000000000000000000000000000000000000000208024713000105ANTONIO SALUSTIANO MELO                 PATIO DO MERCADO 26         CENTRO FEIRA            55715000                                                            000002
9                                                                                                                                                                                                                                                                                                                                                                                                         000003
