01REMESSA01COBRANCA       000000000000068440-6COLCHõES GLOBO IND. DA TRANSF.237BRADESCO       280518        MX0000001                                                                                                                                                                                                                                                                                     000001
1
00000
0
00000
0000000
0
00090310100684406
                         
000
0
0000
00000010501
8
0000000000
2
 
          
 
2
  
01
8541-6/6  
061118
0000000092983
000
00000
01
N
280518
AP0000000000000000000000000000000000000000000000000000000000000209462499000123J. LAURINDO TORRES-ME                   RUA JOSE BARRETO DE SOUZA SOMBRA 281                56280000                                                            000002


9                                                                                                                                                                                                                                                                                                                                                                                                         000003
