00100000         210369661000142002721688001417000  00164-0000045369-20 TERESINA AGRICOLA             BANCO DO BRASIL                         10912201517520600000108700000                                                                     
00100011R01  045 2010369661000142002721688001417000  00164-0000045369-20 TERESINA AGRICOLA                                                                                             000000010912201500000000                                 
0010001300001P 0100164-0000045369-20 27216880000000008   71222188351         0601201600000000001446600000 17N09122015100000000000000000000014000000000000000000000000000000000000000000000000000000                         3000000090000000000 
0010001300002Q 011000000225027348IVONALDO RODRIGUES VAZ                  TRAVESSA SANTANA, SN                    CENTRO         65000000COELHO NETO    MA0000000000000000                                        000                            
0010001300003R 01000000000000000000000000000000000000000000000000100000000000000000000000                                                                                          0000000000000000000000000000                                 
0010001300004P 0100164-0000045369-20 27216880000000007   71222188342         0502201600000000001377000000 17N09122015100000000000000000000014000000000000000000000000000000000000000000000000000000                         3000000090000000000 
0010001300005Q 011000038258200500WELLINGTON JERICO ARAUJO                RUA ARLINDO NOGUEIRA, 2530              MACAUBA        64018903TERESINA       PI0000000000000000                                        000                            
0010001300006R 01000000000000000000000000000000000000000000000000100000000000000000000000                                                                                          0000000000000000000000000000                                 
00100015         00000800000000000000000000000000000000000000000000000000000000000000000000000000000000000000000000                                                                                                                             
00199999         000001000010000000                                                                                                                                                                                                             
