01REMESSA01COBRANCA       00000000000004192437TERESINA AGRICOLA LTDA EPP    237BRADESCO       210116        MX0000001                                                                                                     2                                                                                                                                                                               000001
1000000000000000000000090195000250007                         0000000000000178071100000000002N           2  02178071    18021600000000379720000000001N210116AP0000000000000100000000000000000000000000000000000000000000000100005691467395HENRIQUE SAMUEL RIBEIRO DOS SANTOS      PRACA SEVERINO NUNES 95         CENTRO R            64000000                                                            000002
9                                                                                                                                                                                                                                                                                                                                                                                                         000003
