01REMESSA01COBRANCA       00000000000004192437TERESINA AGRICOLA LTDA EPP    237BRADESCO       210116        MX0000001                                                                                                     2                                                                                                                                                                               000001
1000000000000000000000090195000250007                         0000000000000199231P00000000002N           2  02199231    13021600000000382800000000001N210116AP0000000000000100000000000000000000000000000000000000000000000118700742000195J R DA SILVA CAMPOS                     AVENIDA IVAN SALDANHA 1096       CENTRO             65000000                                                            000002
9                                                                                                                                                                                                                                                                                                                                                                                                         000003
