00100000         210369661000142002721688001417000  00164-0000027216880 TERESINA AGRICOLA             BANCO DO BRASIL                         10412201518493700000108700000                                                                     
00100011R01  045 2010369661000142002721688001417000  00164-0000027216880 TERESINA AGRICOLA                                                                                             000000010412201500000000                                 
0010001300001P 0100164-0000027216880 27216880000000005   71222721            0301201600000000001076300000 17N04122015100000000000000000000011000000000000000000000000000000000000000000000000000000                         3000000090000000000 
0010001300002Q 011000090486552349ANTONIO CARLOS NUNES                    FAZENDA PASSARINHO, SN                  ZONA RURAL     64000000PAU D'ARCO DO PPI0000000000000000                                        000                            
0010001300003R 01000000000000000000000000000000000000000000000000100000000000000000000000                                                                                          0000000000000000000000000000                                 
00100015         00000500000000000000000000000000000000000000000000000000000000000000000000000000000000000000000000                                                                                                                             
00199999         000001000007000000                                                                                                                                                                                                             
