00100000         210369661000142002721688001417000  00164-0000027216880 TERESINA AGRICOLA             BANCO DO BRASIL                         10812201512592500000108700000                                                                     
00100011R01  045 2010369661000142002721688001417000  00164-0000027216880 TERESINA AGRICOLA                                                                                             000000010812201500000000                                 
0010001300001P 0100164-0000027216880 27216880000000005   712221              1012201500000000000010000000 17N08122015300000000000000000000000000000000000000000000000000000000000000000000000000000                         3000000090000000000 
0010001300002Q 012007246903000104NOE VIEIRA DE MOURA                     AVE MIGUEL ROSA, 7216                   TABULETA       64018560TERESINA       PI0000000000000000                                        000                            
0010001300003R 01000000000000000000000000000000000000000000000000100000000000000000000000                                                                                          0000000000000000000000000000                                 
00100015         00000500000000000000000000000000000000000000000000000000000000000000000000000000000000000000000000                                                                                                                             
00199999         000001000007000000                                                                                                                                                                                                             
