01REMESSA01COBRANCA       829000495144                                      341BANCO ITAU SA  030215                                                                                                                                                                                                                                                                                                      000001
10204608458000189829000495144    00002493901                  000016450000000000000109                     I012493901   08061400000020359193410000005N030215000000000000000000000000000000000000000000000000000000000000000100015922312847EDER IGNACIO DE SOUZA                   RUA 20                                  COHAB IV    56300000PETROLINA      PE                                  00000000 000002
10204608458000189829000495144    00002493902                  000016460000000000000109                     I012493902   08071400000020359193410000005N030215000000000000000000000000000000000000000000000000000000000000000100015922312847EDER IGNACIO DE SOUZA                   RUA 20                                  COHAB IV    56300000PETROLINA      PE                                  00000000 000003
10204608458000189829000495144    00002493903                  000016470000000000000109                     I012493903   07081400000020359193410000005N030215000000000000000000000000000000000000000000000000000000000000000100015922312847EDER IGNACIO DE SOUZA                   RUA 20                                  COHAB IV    56300000PETROLINA      PE                                  00000000 000004
10204608458000189829000495144    00002493904                  000016480000000000000109                     I012493904   06091400000020359193410000005N030215000000000000000000000000000000000000000000000000000000000000000100015922312847EDER IGNACIO DE SOUZA                   RUA 20                                  COHAB IV    56300000PETROLINA      PE                                  00000000 000005
10204608458000189829000495144    00002493905                  000016490000000000000109                     I012493905   06101400000020359193410000005N030215000000000000000000000000000000000000000000000000000000000000000100015922312847EDER IGNACIO DE SOUZA                   RUA 20                                  COHAB IV    56300000PETROLINA      PE                                  00000000 000006
10204608458000189829000495144    00002493906                  000016500000000000000109                     I012493906   05111400000020359193410000005N030215000000000000000000000000000000000000000000000000000000000000000100015922312847EDER IGNACIO DE SOUZA                   RUA 20                                  COHAB IV    56300000PETROLINA      PE                                  00000000 000007
10204608458000189829000495144    00002493907                  000016510000000000000109                     I012493907   05121400000020359193410000005N030215000000000000000000000000000000000000000000000000000000000000000100015922312847EDER IGNACIO DE SOUZA                   RUA 20                                  COHAB IV    56300000PETROLINA      PE                                  00000000 000008
10204608458000189829000495144    00002493908                  000016520000000000000109                     I012493908   04011500000020359193410000005N030215000000000000000000000000000000000000000000000000000000000000000100015922312847EDER IGNACIO DE SOUZA                   RUA 20                                  COHAB IV    56300000PETROLINA      PE                                  00000000 000009
10204608458000189829000495144    00002493909                  000016530000000000000109                     I012493909   03021500000020359193410000005N030215000000000000000000000000000000000000000000000000000000000000000100015922312847EDER IGNACIO DE SOUZA                   RUA 20                                  COHAB IV    56300000PETROLINA      PE                                  00000000 000010
10204608458000189829000495144    00002493910                  000016540000000000000109                     I012493910   05031500000020359253410000005N030215000000000000000000000000000000000000000000000000000000000000000100015922312847EDER IGNACIO DE SOUZA                   RUA 20                                  COHAB IV    56300000PETROLINA      PE                                  00000000 000011
9                                                                                                                                                                                                                                                                                                                                                                                                         000012
