01REMESSA01COBRANCA       829000495144                                      341BANCO ITAU SA  290115                                                                                                                                                                                                                                                                                                      000001
10204608458000189829000495144    00002                        000015230000000000000109                     I012         07011400000002797603410000005N290115000000000000000000000000000000000000000000000000000000000000000100002732249483EDVALDO NUNES DOS SANTOS                AV BARREIRAS                            CENTRO      56460000PETROLANDIA    PE                                  00000000 000002
10204608458000189829000495144    00003                        000015240000000000000109                     I013         07011400000001159903410000005N290115000000000000000000000000000000000000000000000000000000000000000100069472696449JOSE EDUARDO MENDONCA COELHO            FAZENDA PRIMAVERA, MUNICIPIO            ZONA RURAL  56440000BELEM DE SAO FRPE                                  00000000 000003
10204608458000189829000495144    00001                        000015250000000000000109                     I011         07011400000001058673410000005N290115000000000000000000000000000000000000000000000000000000000000000100077919254272MARCIO JOSE CARDOSO DE CARVALH          RUA CANAFISTULA                         CENTENARIO  48905420JUAZEIRO       BA                                  00000000 000004
10204608458000189829000495144    00001                        000015260000000000000109                     I011         07011400000000929943410000005N290115000000000000000000000000000000000000000000000000000000000000000100081230036504RAFAEL DIAS SILVA       NC              RUA LEONIDAS FREIRE                     CENTRO      44755000PONTO NOVO     BA                                  00000000 000005
9                                                                                                                                                                                                                                                                                                                                                                                                         000006
