01REMESSA01COBRANCA       000000000000068440-6COLCHõES GLOBO IND. DA TRANSF.237BRADESCO       290518        MX0000001                                                                                                                                                                                                                                                                                     000001
1000000000000000000000090310100684406                         0000000000000010501800000000002            2  018541-6/6  06111800000000929830000000001N290518061000000000000000000000000000000000000000000000000000000000000209462499000123J. LAURINDO TORRES-ME                   RUA JOSE BARRETO DE SOUZA SOMBRA 281                56280000                                                            000002
9                                                                                                                                                                                                                                                                                                                                                                                                         000003
